2788 4286
272 329 442 373 urls'runar:
464 330 618 374 suaserat
640 347 684 358 -·
707 331 755 374 ΕΡ.
778 333 854 376 xxti.
998 333 1036 395 97

87 458 173 519 utin
196 457 343 518 sententia
365 460 591 536 permanerem?
632 461 743 520 Credas
766 461 825 520 hoc
844 459 917 521 mihi
939 459 1039 534 velim,

89 547 169 623 quod
190 557 265 626 puto
288 558 318 607 te
334 547 509 623 existimare,
534 567 582 607 me
599 567 635 608 ex
657 547 703 608 his
718 547 842 608 miseriis
860 547 936 608 nihil
959 549 1041 610 aliud

89 655 236 714 quaerere,
255 634 312 696 nisi
328 646 361 695 ut
376 636 513 697 homines
527 636 690 714 aliquando
713 637 886 715 intellegant
901 658 950 698 me
965 637 1041 698 nihil

90 725 224 785 maluisse
248 745 338 802 quam
360 743 483 803 pacem;
519 744 555 786 ea
572 727 736 804 desperata,
754 726 828 786 nihil
852 736 912 786 tam
933 727 1041 804 fugisse

90 833 178 890 quam
201 834 284 874 arma
306 813 413 875 civilia.
466 813 565 874 Huius
595 835 643 875 me
667 815 850 876 constantiae
870 824 943 893 puto
967 817 1038 888 fore,
1064 836 1106 898 43

90 912 122 962 ut
143 922 305 979 numquam
324 902 482 980 paeniteat.
529 902 648 964 Etenim
664 905 787 966 memini
810 904 841 964 in
856 907 914 966 hoc
934 923 1043 982 genere

90 990 206 1068 gloriari
229 992 350 1052 solitum·
381 1012 445 1052 esse
472 991 646 1053 familiarem
673 1004 817 1066 nostrum,
850 996 888 1070 Q.
913 997 1044 1054 Horten·

91 1080 172 1153 sium,
191 1080 273 1158 quod
297 1100 461 1158 numquam
483 1083 565 1158 bello
581 1080 659 1144 civili
682 1081 876 1143 interfuisset:
912 1085 971 1143 hoc
991 1102 1044 1142 no-

90 1179 146 1228 stra
167 1171 232 1229 laus
255 1169 311 1229 erit
333 1169 491 1243 inlustrior,
516 1172 600 1247 quod
624 1170 666 1231 illi
689 1171 875 1232 tribuebatur
897 1171 1042 1250 ignaviae,

91 1259 127 1317 de
148 1258 237 1318 nobis
259 1258 290 1318 id
314 1256 473 1320 existimari
500 1277 587 1337 posse
617 1279 680 1320 non
710 1260 844 1321 arbitror.
875 1264 964 1321 ·Nec
993 1279 1043 1320 me
1070 1279 1113 1340 50

90 1345 142 1406 ista
156 1357 277 1420 terrent,
295 1367 371 1425 quae
394 1347 469 1408 mihi
490 1368 509 1406 a
532 1359 562 1409 te
576 1349 616 1408 ad
639 1348 776 1409 timorem
793 1348 934 1409 fidissime
953 1358 1044 1427 atque

90 1435 286 1496 amantissime
317 1447 534 1516 proponuntur.
586 1439 675 1498 Nulla
706 1448 751 1498 est
781 1438 863 1498 enim
885 1437 1041 1513 acerbitas,

88 1544 164 1600 quae
186 1545 248 1586 non
279 1527 421 1587 omnibus
450 1528 507 1586 hac
536 1526 616 1586 orbis
642 1537 786 1588 terrarum
818 1526 1043 1606 perturbatione

90 1611 260 1691 impendere
283 1614 439 1689 videatur;
479 1634 568 1692 quam
591 1614 713 1693 quidem
744 1635 801 1694 ego
824 1637 842 1676 a
869 1637 900 1676 re
923 1616 1044 1694 publica

90 1702 161 1762 meis
193 1703 314 1781 privatis
349 1715 379 1764 et
409 1703 579 1764 domesticis
613 1703 811 1765 incommodis
845 1705 1042 1765 libentissime
1069 1726 1084 1786 5
1091 1725 1110 1786 5

89 1793 134 1850 vel
156 1791 217 1852 istis
240 1791 322 1870 ipsiS,
354 1813 431 1870 quae
460 1803 493 1853 tu
523 1811 571 1851 me
601 1812 707 1854 mones
737 1803 770 1854 ut
800 1813 930 1868 caveam,
958 1795 1045 1854 rede·

89 1865 214 1941 missem.
261 1880 337 1942 Filio
360 1902 437 1955 meo,
462 1900 552 1959 quem
576 1881 631 1942 tibi
654 1902 755 1943 carum
779 1901 843 1943 esse
865 1883 992 1961 gaudeo,
1018 1883 1043 1943 si

91 1968 142 2028 erit
164 1971 225 2030 nlla
247 1989 295 2030 res
317 1970 446 2048 publica,
472 1969 542 2029 satis
564 1972 697 2048 amplum
720 1971 931 2049 patrimonium
955 1972 1045 2032 relin-

89 2075 174 2132 quam
196 2059 229 2118 in
251 2060 395 2120 memoria
414 2058 543 2119 nominis
566 2059 643 2135 mei;
680 2059 725 2119 sin
747 2071 847 2121 autem
870 2063 951 2121 nulla
976 2061 1040 2134 erit,

121 2337 162 2384 42.
178 2326 249 2388 quod
260 2333 327 2389 puto
340 2335 364 2375 te
377 2327 535 2378 existimare:

88 2408 157 2444 come
177 2411 224 2444 son
243 2405 312 2445 certo
331 2398 377 2447 che
397 2404 424 2446 tu
444 2398 520 2448 credi.

122 2481 163 2527 44.
190 2483 218 2514 ea
244 2469 395 2532 desperata:
419 2469 537 2534 perduta-

91 2551 146 2586 sene
165 2539 209 2602 poi
228 2539 290 2601 ogni
308 2555 435 2604 speranza.

122 2609 163 2668 46.
180 2610 209 2657 in
228 2610 274 2656 hoc
290 2625 396 2675 genere:
414 2627 429 2659 a
447 2618 538 2676 questo

90 2680 226 2744 proposito.

121 2763 164 2812 47.
181 2751 208 2811 Q.
223 2753 402 2801 Hortensium.
424 2751 476 2802 Cfr.
493 2752 537 2813 VI,

91 2829 129 2869 21.
147 2823 199 2872 Era
218 2830 301 2871 morto
319 2824 412 2872 l’anno
428 2825 519 2889 prima.

122 2891 164 2954 48.
185 2894 247 2942 bello
266 2894 350 2943 civili:
368 2895 392 2944 ai
411 2895 492 2961 tempi
510 2896 537 2944 di

91 2959 149 3012 Silla
168 2980 183 3013 e
201 2965 292 3013 Mario.

124 3044 164 3098 54.
185 3051 263 3098 quam
288 3037 389 3099 quidem
409 3055 451 3103 ego
475 3055 491 3086 a
510 3055 538 3088 re

87 3107 190 3166 publiea
207 3121 274 3157 ecc:
300 3107 325 3154 la
349 3109 425 3173 quale
449 3109 474 3159 io
493 3126 539 3176 per

93 3189 146 3224 vero
156 3177 226 3226 avrei
236 3178 370 3228 volentierl
383 3180 539 3230 allontanata

92 3244 155 3296 dalla
166 3249 317 3313 repubblica
335 3252 415 3300 anche
434 3269 449 3300 a
467 3261 538 3301 costo

92 3315 116 3369 di
132 3319 210 3368 dauni
229 3321 321 3385 privati
339 3335 354 3370 e
371 3322 505 3372 domestici
525 3339 539 3372 e

92 3389 186 3450 perfino
211 3391 238 3440 di
259 3391 346 3457 quelle
370 3401 448 3444 stesse
474 3395 537 3443 scia-

91 3472 150 3520 gure
162 3461 208 3510 che
222 3478 273 3513 ecc.
291 3463 364 3514 Celio
376 3481 438 3516 avea
451 3465 538 3515 scritto

93 3545 106 3577 a
117 3529 251 3584 Cicerone:
267 3536 348 3599 cogita
358 3544 421 3586 nete
431 3544 538 3600 tuosque

91 3615 173 3652 omnes
188 3613 294 3654 evertas.
313 3604 363 3670 (ad
372 3607 446 3659 Fam.
465 3607 536 3664 VlIl,

96 3671 142 3738 16).
162 3675 184 3726 Il
200 3676 365 3741 congiuntivo
377 3679 536 3728 redemissent

592 2325 606 2377 ὲ
634 2344 686 2377 una
713 2330 798 2393 specle
827 2330 853 2377 di
881 2330 986 2394 apodosi
1019 2330 1047 2379 di

593 2408 660 2449 terzo
679 2399 733 2464 tipo
759 2400 887 2463 ipotetico,
907 2400 933 2448 di
959 2401 1000 2449 cui
1021 2401 1046 2450 la

592 2471 687 2535 protasi
707 2471 812 2520 sarebbe
831 2473 855 2519 si
868 2472 1016 2534 potuissem.
1038 2509 1040 2514 .

629 2550 671 2604 57.
697 2541 765 2590 Filio
792 2557 852 2600 meo,
875 2536 930 2590 cioe
958 2542 1046 2590 Marco

592 2611 681 2660 Tullio
704 2609 838 2668 Cicerone,
858 2619 918 2661 nato
943 2612 986 2662 nel
1011 2612 1044 2676 65

592 2699 630 2732 av.
650 2681 691 2730 Cr.
717 2683 756 2730 Fu
778 2682 889 2733 ufficiale
912 2683 938 2732 di
964 2683 1048 2733 caval·

591 2753 655 2804 leria
673 2754 717 2804 nel
736 2768 827 2819 campo
846 2755 873 2804 di
890 2755 1046 2820 Pompeo,e

592 2826 635 2874 nel
653 2835 686 2888 47
708 2821 783 2890 passd
802 2825 828 2873 in
847 2827 930 2876 Atene
952 2842 998 2891 per
1018 2843 1046 2876 u·

592 2897 646 2946 dire
666 2896 690 2946 le
709 2896 802 2946 lezioni
822 2896 863 2947 dei
886 2893 932 2963 pilr
951 2897 1048 2948 celebri

592 2968 685 3016 oratori
714 2983 728 3017 e
754 2966 853 3031 filosofi,
880 2985 921 3017 ma
947 2984 999 3018 non
1022 2970 1053 3018 vi·

592 3038 718 3089 condusse
744 3054 794 3087 una
821 3039 872 3089 vita
901 3047 987 3090 esente
1015 3041 1049 3090 da

592 3109 709 3161 biatimo.
735 3109 806 3160 Servi
825 3111 1000 3161 nell'esercito
1019 3113 1046 3161 di

592 3182 678 3241 Brute,
704 3197 746 3229 ma
770 3177 815 3247 piir
842 3183 906 3232 tardi
932 3183 953 3231 si
976 3183 1047 3232 volse

592 3251 660 3300 dalla
673 3258 744 3318 parte
762 3253 788 3300 di
808 3252 952 3311 Ottaviano,
970 3269 983 3302 e
1002 3253 1046 3303 nel

593 3336 627 3386 30
651 3331 756 3374 ottenne
781 3323 800 3372 il
822 3325 960 3384 consolato,
986 3340 1045 3389 pro-

592 3395 721 3445 movendo
741 3395 768 3444 in
788 3395 839 3446 tale
858 3397 939 3444 carica
957 3411 1045 3460 parec-

593 3466 649 3514 cbie
666 3467 760 3516 misure
780 3483 794 3514 a
807 3466 891 3516 danno
904 3467 930 3515 di
943 3467 978 3515 M.
992 3468 1046 3514 An·

593 3537 671 3597 tonio,
685 3537 826 3586 l'acerrimo
841 3538 943 3588 nemico
957 3538 983 3585 di
998 3552 1046 3585 suo

593 3608 678 3673 padre.
704 3609 764 3657 Non
786 3609 807 3657 si
826 3623 934 3658 conosce
952 3608 1047 3658 l’anno

592 3679 660 3728 della
678 3695 723 3729 sua
742 3687 830 3729 morte.

903 3812 917 3865 7
