2788 4286
260 345 431 388 EPISTULAE
453 345 608 388 SELECTAE
630 361 673 372 -·-
697 346 744 391 ΕΡ.
768 347 844 390 xxu.
990 355 1030 411 99

85 469 114 528 in
136 473 251 532 easdem
274 471 452 532 solitudines
478 482 511 532 tu
540 471 612 550 ipse,
637 483 670 532 ut
700 472 833 545 arbitror,
858 473 968 546 venies
1000 476 1032 536 in

84 560 185 635 quibus
207 581 262 621 nos
287 561 458 622 consedisse
488 561 602 621 audies.
653 563 712 621 Sed
734 581 790 638 ego
814 564 937 622 fortasse
960 566 1031 625 vati·
1058 583 1096 645 75

87 651 171 724 door,
196 660 225 709 et
255 652 331 710 haec
353 649 454 710 omnia
476 650 613 710 meliores
643 652 798 710 habebunt
820 651 924 711 exitus.
974 657 1032 715 Re·

85 740 185 799 cordor
200 739 279 798 enim
303 739 526 818 desperationes
542 759 654 813 eorum,
673 739 724 815 qui
747 758 832 799 senes
855 750 939 800 erant
961 742 1032 802 adu-

83 829 205 888 lescente
227 846 287 888 me.
342 831 402 888 Eos
434 847 490 905 ego
514 831 636 888 fortasse
666 847 747 888 nunc
776 828 875 889 imitor
906 839 935 888 et
965 841 1032 890 utor

84 916 180 976 aetatis
201 916 283 978 vitio.
328 917 427 977 Velim
452 918 492 976 ita
515 916 571 992 sit;
611 918 664 976 sed
687 925 841 978 tamen—.

122 1007 236 1084 Togam
259 1016 441 1084 praetextam
458 1005 519 1066 texi
542 1005 642 1084 Oppio
656 1016 730 1084 puto
746 1017 775 1066 te
792 1005 926 1066 audisse:
962 1027 1031 1068 nam
1056 1013 1097 1071 80

86 1093 197 1154 Curtius
218 1105 320 1155 noster
343 1094 509 1174 dib‘aphum
525 1093 641 1172 cogitat,
660 1097 712 1154 sed
736 1115 804 1155 eum
828 1095 954 1157 insector
968 1116 1031 1157 mo·

84 1194 165 1244 ratur.
212 1187 282 1245 Hoc
305 1184 423 1262 aspersi,
449 1195 482 1244 ut
506 1184 594 1244 scires
616 1202 665 1242 me
695 1194 796 1244 tamen
823 1183 854 1243 in
877 1188 1031 1246 stomacho

84 1275 170 1332 solere
193 1273 301 1332 ridere.
347 1276 394 1332 De
424 1274 583 1334 Dolabella
606 1273 689 1348 quod
718 1272 829 1350 scripsi,
854 1275 965 1334 suadeo
988 1274 1030 1334 vi·

84 1362 155 1434 deas,
188 1371 340 1438 tamquam
372 1362 395 1421 si
426 1373 477 1422 tua
510 1381 557 1422 res
587 1371 698 1437 agatur.
751 1365 924 1422 Extremum
955 1362 1030 1422 illud

81 1449 148 1509 erit:
187 1470 243 1510 nos
273 1450 348 1510 nihil
364 1452 557 1522 turbulenter,
582 1449 656 1509 nihil
678 1459 791 1510 temere
806 1451 965 1526 faciemus;
1000 1461 1029 1511 te
1054 1458 1093 1533 85

83 1549 174 1598 tamen
198 1559 325 1612 oramus,
351 1539 589 1616 quibuscumque
612 1539 721 1598 erimus
744 1539 775 1598 in
802 1540 895 1614 terris,
919 1551 952 1601 ut
974 1561 1030 1601 nos

82 1626 243 1704 liberosque
266 1639 384 1689 nostros
407 1629 448 1689 ita
470 1640 579 1700 tueare,
606 1638 638 1687 ut
660 1628 788 1688 amicitia
810 1640 911 1690 nostra
927 1639 956 1689 et
979 1640 1030 1690 tua

81 1718 145 1777 fides
168 1715 341 1796 postulabit.

112 1920 150 1974 75.
168 1912 320 1961 vaticinor:
339 1911 427 1961 deliro.

111 1993 148 2044 77.
176 1983 383 2046 desperationes:
412 1983 438 2030 lo
467 1997 523 2044 sgo-

80 2060 164 2102 mento.
185 2050 259 2103 Circa
272 2052 291 2101 il
311 2053 409 2118 plurale
423 2054 449 2102 di
461 2068 523 2118 que·

82 2133 115 2172 sto
138 2139 214 2173 nome
242 2131 353 2179 astratto,
373 2125 418 2175 cfr.
442 2124 467 2174 S.
494 2125 522 2173 F.

82 2211 102 2258 9,
119 2213 139 2244 a.
164 2221 198 2231 -—
224 2196 384 2245 adulescente
402 2212 447 2254 rere,
468 2191 523 2244 cioe

80 2267 100 2313 ai
116 2266 191 2332 tempi
204 2266 231 2314 di
244 2265 314 2329 Silta,
329 2268 432 2330 quando
451 2267 472 2315 si
487 2273 522 2316 te-

81 2352 144 2387 neva
161 2338 229 2387 della
248 2337 337 2386 rovina
355 2338 423 2387 dello
443 2337 521 2386 Stato.

110 2409 147 2470 78.
161 2417 222 2458 utor
234 2410 326 2457 aetatis
335 2411 413 2458 vitio:
428 2409 522 2458 risento

81 2479 117 2528 del
133 2480 224 2530 ditetto
243 2479 311 2529 della
330 2477 378 2530 eta.

111 2550 147 2600 80.
166 2553 261 2616 Togam
276 2559 439 2614 praetextam
456 2565 520 2601 cco:

81 2622 120 2672 che
131 2623 151 2671 si
164 2631 203 2672 sta
217 2622 334 2671 tessendo
353 2621 378 2670 la
391 2630 451 2684 toga
463 2638 519 2687 pre·

81 2699 135 2742 testa
144 2710 189 2759 per
201 2693 294 2758 Oppio.
305 2693 355 2741 Era
365 2693 434 2746 detta
442 2701 521 2756 prae·

81 2770 141 2813 texta
170 2764 196 2814 la
223 2772 283 2828 toga
310 2764 351 2813 dei
380 2763 520 2828 magistrati

79 2835 160 2896 perche
187 2835 268 2885 orlata
287 2835 313 2882 di
339 2851 389 2883 una
413 2835 472 2883 listn
494 2834 520 2883 di

80 2919 192 2971 porpora;
211 2907 237 2956 la
250 2913 388 2971 portavano
401 2901 463 2971 perd
476 2921 520 2954 an-

80 2976 118 3026 che
129 2979 136 3026 i
149 2978 246 3042 ragazzi
260 2977 311 3025 fino
325 2978 349 3026 al
368 2978 458 3040 giorno
473 2977 520 3026 che

80 3045 237 3100 indossavano
247 3049 272 3097 la
282 3056 340 3114 toga
352 3049 445 3097 virilis.
457 3046 519 3097 Caio

81 3116 155 3184 Oppio
167 3137 210 3171 era
224 3120 368 3185 pertigiano
378 3119 404 3168 di
419 3118 518 3179 Cesare,

79 3187 100 3236 ‹li
116 3192 153 3240 cui
172 3192 271 3256 godeva
284 3191 309 3239 la
327 3192 403 3257 piena
418 3189 518 3238 fiducia.

80 3257 207 3328 Scoppiata
230 3263 256 3312 la
283 3278 374 3326 guerra
395 3260 477 3320 civile,
497 3262 519 3310 si

578 1926 682 1960 assunse
700 1911 726 1960 la
749 1918 821 1976 parte
839 1912 864 1960 di
889 1911 1029 1965 mediatore

578 1982 617 2030 fra
629 1982 637 2030 i
651 1982 823 2032 contendenti.
836 1983 914 2033 Forse
926 1983 953 2034 in
967 2001 1027 2050 que-

577 2060 616 2102 sto
636 2059 722 2119 tempo
736 2055 850 2118 aspirava
863 2055 915 2104 alla
932 2054 1027 2116 editio,

577 2141 592 2172 a
611 2126 651 2173 cui
679 2140 790 2175 accenna
815 2125 938 2176 Cicerone
961 2128 1029 2176 colla

577 2194 643 2245 frase
661 2205 744 2262 togam
759 2205 923 2260 praetextam
941 2201 1002 2248 texi.

614 2266 655 2317 81.
678 2267 801 2316 Curtius:
826 2267 925 2328 Curzio‚
945 2270 1029 2319 amico

577 2353 633 2387 esso
652 2354 716 2404 pure
734 2338 760 2386 di
773 2337 874 2397 Cosam,
888 2355 934 2403 per
949 2354 1028 2404 opera

576 2409 619 2458 del
644 2411 720 2475 quale
749 2410 864 2474 aspirava
887 2411 919 2458 ad
945 2425 1028 2460 essere

576 2495 680 2544 augure.
705 2506 738 2515 -
758 2481 913 2543 dibaphum
932 2481 948 2529 l'
957 2481 1028 2528 abito

575 2551 602 2599 di
621 2566 730 2615 porpora
748 2568 763 2599 a
786 2550 881 2615 doppia
900 2552 972 2600 tinta.
993 2577 1027 2586 -

575 2624 622 2670 sed
637 2637 693 2669 eum
706 2622 817 2686 infector
829 2631 964 2671 moratur:
984 2637 1028 2670 ma

576 2692 595 2740 il
614 2693 706 2742 tintore
725 2694 751 2741 lo
770 2692 796 2740 fa
814 2698 947 2756 aspettare.

611 2762 652 2812 82.
672 2763 729 2812 Hoc
756 2763 872 2826 aspersi:
897 2765 931 2814 ho
944 2762 1028 2814 'detto

575 2843 664 2899 queste
682 2835 790 2899 arguzie.

610 2905 652 2966 84.
677 2907 832 2954 Extremum
861 2906 932 2955 illud
958 2908 1027 2963 erit:

574 2977 672 3030 chiudo,
689 2977 714 3024 la
732 2982 849 3042 presente
868 2993 917 3026 con
936 2985 1027 3044 questa

574 3047 765 3096 dichiarazione.

610 3118 652 3182 85.
681 3121 857 3170 turbulenter.
866 3155 872 3167 .
881 3156 887 3170 .
917 3128 1008 3169 temere
1017 3138 1026 3170 .-

573 3205 622 3238 con
642 3196 733 3256 troppa
752 3190 851 3242 sretta...
871 3207 945 3240 senza
964 3206 1026 3256 pen·

574 3277 635 3311 sare.
