2788 4286
280 276 448 320 missuum
471 276 625 319 snnncnnn
648 295 691 304 -
716 278 763 323 nr.
787 279 929 320 xxi-xxa.
1039 279 1077 340 95

119 417 220 467 tuum.
268 407 347 465 Nam
369 424 431 464 non
446 423 512 464 eam
535 403 662 481 cognovi
680 403 773 465 aciem
796 403 907 481 ingenii
930 404 981 479 tui,
999 407 1081 481 quod

120 495 189 573 ipse
208 493 335 566 videam,
360 503 390 552 te
406 492 437 552 id
461 504 578 553 utnon
601 503 703 572 putem
727 493 844 568 videre;
882 492 956 552 illud
979 493 1079 570 miror,

119 582 234 644 adduci
256 581 387 661 potuisse
410 593 448 654 te,
474 581 526 659 qui
548 601 596 641 me
627 581 745 660 penitus
775 600 865 641 nosse
887 583 1022 654 deberes,
1048 593 1081 644 ut
1108 603 1148 644 to

120 671 309 732 existimares
331 681 382 730 aut
413 682 545 731 metam
575 669 784 748 improvidum,
810 669 862 747 qui
891 673 930 731 ab
954 671 1080 732 excitata

119 763 242 822 fortuna
264 761 304 820 ad
327 759 499 820 inclinatam
523 769 553 819 et
580 778 675 838 prope
704 759 850 820 iacentem
875 759 1076 834 desciscErem,

119 861 175 910 aut
198 859 259 908 tam
283 848 511 922 inconstantem,
544 859 576 908 ut
607 850 762 909 collectam
788 847 912 926 gratiam
935 848 1078 908 florentis·

119 938 189 998 simi
221 937 353 997 hominis
375 939 558 997 effunderem
589 956 739 1013 ameque
767 937 831 1015 ipse
853 938 1010 998 deficerem
1038 939 1077 1010 et,
1209 1013 1212 1020 .

119 1029 205 1104 quod
236 1026 321 1086 initio
356 1045 531 1104 semperque
566 1026 636 1104 fugi,
672 1025 751 1086 civili
784 1027 865 1086 bello
896 1025 1077 1086 interessem.
1106 1045 1141 1106 15

118 1116 215 1191 Quod
237 1125 282 1174 est
312 1114 400 1192 igitur
429 1133 530 1174 meum
564 1113 706 1174 ‘triste
728 1112 990 1176 consilium’?
1034 1118 1077 1175 Ut

118 1204 308 1266 discederem
331 1206 452 1263 fortasse
475 1203 505 1262 in
520 1202 638 1279 ,aliquas
661 1202 844 1264 solitudines.
891 1203 978 1264 Nosti
997 1203 1077 1263 enim
1129 1274 1130 1278 Ἰ

117 1313 184 1354 ιιοιι
206 1294 299 1360 modo
327 1290 471 1353 stomachi
502 1291 570 1365 mei,
598 1291 681 1353 cuius
707 1303 740 1352 tu
771 1291 898 1351 similem
921 1293 1075 1369 quondam

116 1383 262 1454 habebas
287 1383 341 1441 sed
364 1381 452 1441 etiam
475 1382 628 1442 oculorum
651 1380 683 1440 in
705 1380 860 1441 hominum
883 1380 1074 1442 insolentium

117 1469 296 1548 indignitate
311 1469 471 1531 fastidium.
502 1470 628 1530 Accedit
641 1469 730 1529 etiam
742 1472 866 1530 molesta
878 1472 953 1530 haec
964 1487 1075 1548 pompa
1100 1492 1142 1532 20

116 1559 257 1620 lictorum
272 1578 408 1619 meorum
423 1577 593 1634 nomenque
616 1557 741 1636 imperii,
764 1578 824 1636 quo
839 1561 984 1637 appellor.
1030 1562 1076 1619 Eo

117 1647 144 1708 si
169 1666 261 1708 onere
284 1653 423 1721 carerem,
449 1647 583 1725 quamvis
606 1647 703 1725 parvis
732 1647 835 1707 Italiae
862 1648 984 1708 latebris
1007 1669 1076 1708 con·

156 1840 180 1891 8.
201 1858 262 1900 eam,
283 1848 341 1890 sott.
354 1857 421 1891 esse:
438 1840 484 1890 che
503 1839 571 1890 fosse

117 1913 177 1963 tale.
191 1938 225 1948 -
245 1914 317 1976 quod
331 1914 385 1976 ipse
402 1913 501 1961 videam
518 1927 569 1961 ecc.

116 1983 274 2034 Costruisci:
303 1991 335 2032 ut
354 1991 445 2048 putem
469 1989 493 2032 te
517 1999 570 2031 nan

116 2056 205 2104 videre
223 2055 257 2112 id,
281 2055 353 2118 quad
376 2055 429 2119 ipte
452 2054 570 2102 via'e'am:

116 2123 159 2175 eid
177 2125 224 2174 che
239 2125 304 2174 vedo
322 2125 348 2173 io
367 2131 454 2174 stesso.
473 2119 569 2174 Perche

115 2198 218 2245 videam
236 2197 262 2244 al
280 2196 463 2260 congiuntivo?

153 2280 179 2328 9.
203 2267 274 2316 illud
295 2269 393 2315 miror:
418 2266 444 2314 di
468 2262 508 2314 cio
533 2266 569 2315 mi

115 2337 275 2401 meraviglio.
301 2337 370 2386 Nota
397 2336 413 2385 l’
425 2337 568 2387 accusativo

116 2415 209 2458 neutro
240 2410 311 2458 illud
337 2407 394 2458 coll'
408 2407 568 2457 intransitivo

116 2481 208 2538 miror,
228 2496 242 2529 e
260 2480 305 2529 cfr.
324 2480 360 2528 M.
384 2489 441 2543 195.

157 2564 195 2599 11.
210 2553 240 2598 ab
259 2552 368 2601 excitata
372 2551 499 2614 fortuna,
513 2545 569 2598 cine

116 2621 205 2687 quella
222 2622 249 2670 di
268 2620 368 2671 Cesare.

156 2705 196 2743 12.
215 2694 253 2741 ad
267 2693 427 2750 inclinatam,
441 2692 527 2756 quella
541 2693 568 2741 di

114 2765 239 2829 Pompeo,
266 2764 313 2812 che
340 2779 384 2814 era
413 2763 513 2828 fuggito
544 2763 571 2813 in

116 2835 217 2886 Grecia.

155 2919 195 2966 14.
214 2921 230 2953 a
249 2921 336 2969 meque
349 2905 402 2968 ipse
421 2906 567 2962 deficerem:

115 2977 254 3027 diventassi
272 2976 384 3025 insedele
395 2993 411 3024 a
423 2992 464 3026 me
477 2982 565 3027 stesso.

114 3047 227 3097 Ricorda
245 3047 292 3098 che
305 3046 372 3097 nelle
391 3047 566 3096 enunciazioni

115 3119 238 3169 riflessive
255 3120 309 3182 ipse
327 3117 348 3167 si
367 3131 435 3182 pone
446 3119 489 3167 nel
508 3134 566 3168 caso

115 3190 158 3240 del
170 3196 296 3254 soggetto,
307 3188 410 3255 quando
422 3189 443 3238 si
457 3190 567 3239 enuncia

116 3261 204 3328 quello
221 3261 268 3310 che
287 3260 313 3308 sa
325 3260 344 3309 il
356 3267 473 3324 soggetto
486 3267 566 3310 stesso

114 3333 171 3398 (per
184 3331 420 3397 contrapposizione
433 3347 448 3380 a
466 3327 566 3388 eiusne

115 3404 194 3453 fanno
218 3403 282 3452 altre
306 3401 433 3468 persone).
456 3400 509 3453 Cfr.
529 3403 565 3453 M.

114 3487 176 3539 4²9·
195 3475 217 3525 b·

154 3545 194 3594 16.
208 3545 283 3594 triste
301 3545 451 3594 consilium:
464 3544 566 3594 funesto

114 3619 216 3683 partito.
229 3643 263 3652 -
280 3616 317 3666 Ut
330 3616 480 3665 discederem
499 3630 564 3665 ecc:

624 1840 711 1906 quello
734 1841 801 1890 forse
825 1840 852 1890 di
879 1841 998 1890 ritirarmi
1023 1857 1074 1892 ecc.

627 1904 665 1961 Ut
681 1907 696 1960 ὲ
712 1918 776 1960 retto
789 1911 822 1960 da
834 1912 976 1970 consilium,
992 1913 1024 1961 ed
1041 1913 1076 1963 ha

623 1981 642 2030 il
660 1983 738 2032 verbo
758 1982 962 2048 all'imperfetto,
981 1979 1075 2049 perche

623 2053 645 2102 si
657 2054 770 2104 riferisce
787 2053 957 2118 logicamente
971 2056 1004 2104 ad
1024 2070 1075 2104 nna

624 2125 781 2190 espressione
807 2140 879 2174 come
904 2133 1010 2190 questa:
1035 2128 1075 2175 in·

623 2197 690 2244 duxi
713 2197 829 2245 animum
851 2203 888 2254 ut,
914 2211 929 2244 ο
955 2198 987 2246 ad
1012 2197 1075 2246 altra

623 2265 714 2316 simile.

661 2336 700 2388 18.
726 2339 850 2386 stomachi
876 2338 967 2386 mei...
991 2339 1075 2402 fasti·

623 2409 710 2458 dium:
730 2409 755 2456 la
773 2424 875 2458 nausea.
900 2433 931 2442 -
951 2411 1025 2457 cuius
1044 2416 1073 2458 tu

622 2480 729 2528 similem
742 2494 793 2528 ecc.
812 2478 885 2529 Celio
898 2495 959 2528 avea
972 2486 1072 2544 parteg·

622 2550 691 2613 giato
717 2566 762 2614 per
784 2551 898 2615 Pompeo
917 2556 1005 2598 contro
1024 2548 1073 2600 Ce-

622 2637 677 2670 sare
698 2621 781 2686 prima
806 2621 852 2670 che
878 2621 1023 2686 scoppiasse
1048 2621 1073 2670 la

624 2689 716 2755 guerra
733 2691 815 2740 civile.
854 2713 855 2718 ¹

664 2776 702 2824 19.
722 2763 895 2814 oculorum...
910 2762 1055 2826 fastidium
1065 2780 1074 2812 .·

620 2834 646 2882 la
668 2834 824 2899 ripugnanza
848 2833 915 2883 della
939 2833 1011 2884 vista.
1040 2857 1073 2868 -

620 2906 752 2954 hominum
776 2905 956 2954 insolentium:
980 2904 1007 2954 di
1026 2919 1072 2953 uo-

621 2975 685 3024 mini
697 2976 866 3040 svergognati,
880 2973 935 3025 eloe
947 2976 956 3025 i
969 2975 1073 3040 seguaci

620 3046 647 3095 di
666 3044 766 3096 Cesare.

657 3130 698 3167 20.
718 3118 822 3166 molesta
838 3118 898 3166 haec
912 3126 1008 3183 pompa
1027 3117 1073 3166 lic-

621 3195 706 3238 torum
725 3203 776 3238 ecc.
801 3188 847 3239 Pel
867 3189 940 3238 titolo
960 3189 1072 3254 d’impe·

620 3265 703 3309 ratore
722 3260 864 3324 acquistato
883 3260 952 3310 nelle
971 3259 1072 3308 vittorie

620 3337 709 3380 contro
727 3331 752 3380 le
771 3332 842 3395 genti
864 3331 906 3380 del
931 3337 1019 3381 monte
1036 3331 1072 3378 A·

620 3417 705 3462 mano,
718 3400 848 3452 'Cicerone
870 3418 931 3452 avea
943 3403 968 3451 111
983 3401 1073 3450 diritto

620 3489 635 3521 a
655 3489 688 3521 un
708 3472 809 3536 seguito
829 3473 856 3521 di
873 3473 961 3523 littori.

657 3556 700 3592 22.
719 3546 851 3608 quamvis:
869 3545 940 3594 assai.
