2788 4286
303 329 471 374 EPISTULAE
494 327 648 372 submersu
670 345 712 357 -
736 329 784 373 ΕΡ.
806 331 891 376 XXVI.

105 457 141 518 id
176 477 212 518 eo
240 455 335 517 levius
361 457 517 516 serendum
546 467 599 531 est,
631 459 713 534 qnod
740 458 847 517 eodem
881 467 1016 536 tempore
1049 480 1067 518 a
1090 475 1131 537 35
1202 435 1206 446 ’

1007 332 1066 392 115

107 545 215 607 multis
238 556 269 607 et
291 539 405 624 magnis
434 543 578 605 molestiis
603 547 694 621 abes,
733 563 806 622 quas
832 546 871 605 ad
903 556 932 606 te
963 567 1068 608 omnes

107 634 336 714 perscriberem,
361 632 417 696 nisi
440 642 565 708 vererer,
599 654 637 694 ne
664 655 698 695 ea
727 654 920 712 cognosceres
948 637 1066 711 absens,

107 744 191 802 quae
214 723 284 801 quia
306 743 368 785 non
390 722 483 797 vides,
507 722 580 782 mihi
604 724 712 784 videris
735 722 856 784 meliore
879 743 943 784 esse
966 724 1068 785 condi·

107 813 201 874 cione
223 832 313 890 quam
335 831 400 884 nos,
425 811 476 888 qui
498 811 643 872 videmus.

155 905 312 963 Hactenus
334 900 470 962 existimo
493 911 623 960 nostram
651 900 885 962 consolationem
907 911 987 962 recte
1016 904 1066 962 ad·
1090 923 1131 975 40

104 989 237 1052 bibitam
262 1009 334 1062 esse,
359 989 459 1066 quoad
482 988 588 1050 certior
610 991 649 1050 ab
672 989 793 1049 homine
816 989 994 1050 amicissimo
1016 991 1066 1050 fie-

103 1099 158 1140 res
183 1079 219 1139 iis
242 1080 400 1151 derebus,
426 1077 532 1154 quibus
555 1078 646 1137 levari
668 1088 790 1156 possent
811 1078 963 1139 molestiae
986 1090 1064 1139 tuae.

105 1167 242 1244 Reliqua
265 1177 333 1227 sunt
355 1167 432 1226 inte
454 1165 519 1244 ipso
542 1186 642 1243 neque
657 1167 730 1226 mihi
746 1166 846 1244 ignota
868 1187 924 1228 nec
943 1167 1066 1229 minima

105 1256 243 1332 solacia;
282 1267 316 1315 ut
337 1255 458 1332 quidem
482 1274 538 1332 ego
561 1255 664 1327 sentio,
689 1257 783 1315 multo
802 1255 951 1331 maxima;
990 1275 1066 1333 quae

106 1366 170 1424 ego
196 1345 349 1424 experiens
379 1342 487 1406 cotidie
511 1343 552 1404 sic
575 1347 680 1423 probo,
712 1355 745 1403 ut
774 1362 810 1403 ea
839 1344 912 1404 mihi
940 1346 1065 1406 salutem
1090 1363 1129 1424 45

104 1437 230 1496 adferre
254 1433 421 1494 videantur.
466 1435 517 1491 Te
533 1444 632 1492 antem
655 1435 694 1492 ab
716 1431 801 1493 initio
824 1432 927 1493 aetatis
956 1453 1067 1494 memo-

105 1524 157 1584 ria
181 1534 270 1582 teneo
292 1541 407 1582 summe
425 1521 559 1581 omnium
575 1521 774 1582 doctrinarum
791 1521 955 1582 studiosum
978 1521 1067 1583 fuisse

107 1610 284 1687 omniaque,
317 1630 395 1688 quae
429 1631 447 1669 a
479 1609 700 1688 sapientissimis
727 1611 765 1669 ad
796 1603 874 1670 bene
903 1610 1067 1671 vivendum

105 1699 223 1761 tradita
247 1709 352 1772 essent,
377 1718 495 1759 summo
514 1699 611 1759 studio
634 1717 762 1775 curaque
793 1698 951 1774 didicisse,
990 1719 1066 1777 quae

103 1789 236 1867 quidem
258 1791 306 1848 vel
330 1787 449 1866 optimis
472 1791 561 1848 rebus
587 1798 616 1847 et
640 1787 705 1846 usui
728 1796 758 1846 et
788 1787 979 1848 delectationi
1001 1808 1066 1849 esse
1091 1805 1130 1866 50

102 1887 243 1958 possent,
268 1877 407 1937 hisvero
430 1877 612 1954 temporibus
643 1878 786 1936 habemus
808 1876 890 1936 aliud
919 1875 1002 1953 nihil,
1034 1877 1066 1937 in

101 1987 170 2044 quo
194 1965 430 2043 adquiescamus.
477 1963 558 2025 Nihil
589 1963 694 2026 saciant
716 1964 877 2025 insolenter
906 1984 1003 2042 neque
1033 1977 1063 2025 te

100 2055 160 2117 tali
184 2057 232 2114 vel
255 2054 377 2115 scientia
399 2056 446 2114 vel
470 2064 574 2112 natura
597 2053 764 2132 praeditum
794 2055 944 2128 hortabor,
970 2065 1002 2115 ut
1025 2055 1065 2114 ad

141 2329 187 2383 35.
207 2319 289 2367 eadem
309 2326 433 2382 tempore:
457 2318 558 2383 inpari

99 2400 203 2455 tempo.

141 2461 186 2525 36.
218 2477 234 2509 a
265 2461 353 2509 multis
384 2467 409 2508 el
443 2462 561 2524 magnis:

98 2533 137 2582 da
155 2531 237 2581 molte
255 2531 352 2595 grandi.
378 2531 446 2579 Nota
468 2533 514 2579 che
534 2531 560 2579 lo

99 2604 222 2653 scrittore
243 2602 330 2660 latino,
351 2618 365 2651 e
389 2597 435 2666 pit
456 2602 482 2650 di
502 2602 560 2650 tutti

99 2674 239 2733 Cicerone,
271 2672 342 2722 suole
369 2673 442 2722 unire
476 2673 574 2731 multi,

93 2745 219 2811 plurimi
235 2759 284 2793 con
296 2760 332 2792 un
347 2744 412 2792 altro
430 2743 560 2807 aggettivo

99 2815 236 2866 mediante
244 2823 274 2874 et,
283 2814 511 2864 mentrel'italiano
519 2830 560 2862 co·

99 2887 213 2936 struisce
226 2902 272 2951 per
289 2885 435 2934 l'ordinario
451 2905 461 2927 ι
477 2885 558 2948 molti,

99 2957 253 3007 moltissimi
270 2975 282 2998 »
296 2971 369 3006 come
382 2972 417 3005 un
434 2971 558 3021 pronome

98 3044 180 3078 senza
200 3027 385 3092 congiunzione
403 3026 494 3076 alcuna
507 3027 559 3075 col·

99 3101 118 3148 1‘
126 3099 260 3164 aggettlvo
273 3105 403 3162 seguente.
417 3096 469 3146 cfr.
489 3097 514 3146 S.
528 3098 558 3147 L.

99 3171 136 3220 G.
155 3171 191 3229 11,
212 3182 271 3228 221,
295 3183 334 3219 11.

137 3253 183 3302 40.
204 3241 355 3290 Hactenus:
374 3239 425 3287 fino
441 3246 558 3304 aquesto

98 3321 196 3378 punto.
215 3338 249 3347 —
269 3319 386 3360 nostram
404 3331 440 3350 =
458 3327 546 3359 meam.

139 3395 185 3444 41.
208 3384 240 3431 ab
265 3383 365 3430 homine
388 3382 559 3430 amicissimo:

99 3455 136 3503 da
154 3469 210 3502 uno
229 3454 275 3503 che
294 3453 313 3502 ti
331 3448 346 3500 ὲ
364 3452 430 3502 leale
449 3451 539 3501 amico.

138 3537 184 3585 42.
205 3525 297 3573 rebus:
316 3524 476 3573 circostanze.

137 3609 183 3659 43.
199 3595 333 3659 Reliqua...
348 3595 460 3643 solacia:
473 3593 509 3658 gli
522 3593 557 3642 al·

99 3667 134 3717 tri
154 3665 246 3716 motivi
264 3666 291 3714 di
309 3665 434 3718 conforto.

647 2331 690 2379 44.
717 2326 748 2368 ut
770 2320 871 2381 quidem
897 2335 939 2383 ega
964 2320 1062 2367 sentia:

613 2390 676 2448 anzi,
696 2404 768 2438 come
780 2389 882 2439 almeno
898 2389 922 2437 la
935 2404 1015 2454 penso
1027 2391 1063 2440 io.
1093 2439 1096 2445 ,

649 2472 691 2522 47.
713 2475 809 2508 summe
834 2461 946 2508 oninium
971 2460 1064 2509 doctri-

612 2547 708 2580 narum
728 2545 796 2580 ecc.:
824 2530 843 2578 ti
861 2530 994 2596 applicasti
1014 2545 1064 2579 con

612 2617 711 2651 sommo
730 2601 818 2651 ardore
840 2601 872 2650 ad
896 2601 958 2664 ogni
977 2601 1064 2665 specie

612 2673 638 2722 di
661 2672 779 2721 dottrina.

648 2742 690 2804 48.
710 2744 861 2807 naeniaque:
880 2759 894 2792 e
912 2743 971 2792 tutti
986 2742 1064 2809 ipre·

612 2814 681 2864 cetti.

646 2898 690 2948 49.
709 2886 806 2934 tracu'ta
821 2892 919 2934 essent:
935 2900 1011 2934 erano
1023 2884 1064 2932 in-

613 2954 719 3019 segnati.
733 2952 828 3004 Perche
847 2954 865 3003 il
878 2955 1062 3019 congiuntivo?

649 3037 689 3091 50.
702 3027 745 3075 vel
755 3028 857 3091 optimis
872 3029 965 3076 rebus:
983 3027 1063 3076 anche

612 3098 681 3147 nella
698 3093 742 3163 pit
761 3097 821 3148 lieta
840 3097 948 3147 fortuna.

649 3178 689 3232 52.
703 3170 914 3232 adquiescamus:
933 3168 1063 3235 possiamo

612 3246 709 3288 trovare
728 3239 840 3290 sollievo.
865 3265 899 3275 -
921 3240 1000 3288 Nihil
1012 3239 1062 3303 fa-

611 3311 675 3358 ciam
695 3310 835 3359 insolenter
849 3327 929 3374 neque
941 3318 990 3360 te...
1003 3311 1063 3360 hor-

612 3382 701 3430 tabor:
721 3387 789 3430 certo
808 3397 860 3430 non
881 3377 936 3430 saro
955 3379 1007 3430 cosi
1026 3388 1063 3431 te·

612 3452 729 3502 merario.
740 3453 772 3500 da
791 3459 885 3502 esortar
903 3458 935 3501 te.

649 3532 689 3586 53.
709 3523 760 3571 eali
775 3523 818 3571 uel
833 3524 939 3572 scientia
956 3522 998 3570 uel
1014 3537 1060 3569 na·

613 3602 675 3643 lura
682 3594 847 3657 praeditum:
866 3593 952 3642 dotato
970 3591 997 3642 di
1009 3591 1062 3642 tale

613 3663 729 3730 sapienza
747 3679 761 3713 e
780 3670 908 3715 carattere.
926 3663 995 3713 Nota
1012 3663 1061 3713 che
