2786 4280
283 335 452 379 EPISTULAE
475 335 630 379 SELECTAE
653 352 696 363 —
719 337 766 382 ΕΡ.
790 339 821 380 Χ.
989 339 1027 398 37

79 466 145 526 nihil
181 464 261 524 enim
295 461 458 523 restituitur
488 473 603 540 praeter
638 461 787 523 civitatem
824 474 854 523 et
884 462 1029 538 ordinem,

80 555 154 632 qnod
177 552 251 613 mihi
266 573 322 630 pro
344 571 413 611 meo
430 571 499 612 casu
522 550 591 612 satis
614 561 680 625 est3
720 553 781 625 sed,
799 571 875 628 quae
898 555 1030 614 cavenda

79 642 181 704 suerint
215 652 245 702 et
268 661 331 719 quo
361 641 463 714 mod0,
495 650 525 700 te
546 632 618 700 'non
649 638 731 718 fugit.
781 643 917 702 Alterum
940 653 1030 720 capnt
1055 664 1093 701 20

80 744 119 793 est
138 729 316 792 tralaticium
339 731 378 789 de
408 728 592 806 impunitate,
624 732 653 789 Si
679 745 755 796 ovio
783 747 909 788 corsuna
942 748 1030 790 amns

81 837 167 880 trous
190 837 258 878 uivs
287 836 375 878 assis
407 833 490 876 naso
519 833 645 878 sacrvm
668 837 724 881 sir.
773 818 907 879 Tertium
931 831 1028 895 caput,

79 909 113 968 mi
138 907 296 986 Pomponi,
329 925 389 983 quo
420 905 545 966 consilio
576 917 607 968 et
636 926 654 965 a
684 927 744 983 quo
776 906 813 968 sit
839 908 1028 981 inculcatum,

80 999 148 1060 vide.
198 997 261 1059 Scis
284 996 364 1057 enim
381 995 529 1056 Clodium
553 995 692 1068 sanxisse,
717 1007 751 1057 ut
773 997 822 1056 vix
844 1007 895 1057 aut
914 1008 947 1056 ut
970 1017 1031 1057 om·

79 1087 140 1148 nino
165 1108 228 1148 non
258 1095 360 1164 posset
389 1103 447 1144 nec
477 1104 530 1162 per
559 1095 692 1145 senatum
723 1104 780 1147 nec
808 1106 860 1163 per
887 1088 1030 1164 populum
1057 1103 1093 1162 25

80 1175 211 1236 infirmari
234 1195 288 1236 sua
309 1176 369 1235 lex.
417 1175 477 1233 Sed
492 1173 578 1234 vides
592 1193 758 1250 numquam
781 1193 845 1235 esse
861 1178 1031 1242 observatas

83 1265 242 1326 sanctiones
265 1282 367 1324 earum
391 1265 499 1340 legum.
525 1282 601 1339 quae
623 1264 846 1340 abrogarentur.
893 1266 981 1337 Nam,
1006 1263 1030 1323 si

81 1353 108 1413 id
124 1364 207 1426 esset,
234 1355 317 1413 nulla
339 1355 400 1412 sere
423 1351 559 1428 abrogari
582 1362 682 1429 posset
696 1370 710 1416 ε,
742 1372 839 1429 neque
864 1351 943 1412 enim
971 1355 1032 1412 ulla

81 1453 125 1516 est,
148 1463 228 1520 qnae
250 1462 313 1502 non
336 1441 400 1519 ipsa
427 1460 458 1500 se
483 1440 594 1519 saepiat
618 1439 791 1502 difficultate
821 1440 1031 1518 abrogationis.

82 1533 143 1603 Sed,
167 1551 236 1592 cum
260 1534 310 1591 lex
345 1532 511 1607 abrogatur,
542 1529 615 1589 illud
649 1529 748 1608 ipsum
778 1533 945 1608 abrogatur,
971 1549 1031 1608 quo
1056 1551 1095 1606 30

82 1623 165 1680 modo
190 1640 257 1680 eam
281 1618 418 1697 abrogari
432 1629 577 1696 oporteat.
625 1621 694 1680 Hoc
717 1639 784 1679 cum
808 1630 838 1679 et
860 1638 891 1679 re
907 1639 977 1679 vera
991 1619 1033 1679 ita

81 1708 120 1782 sit,
149 1719 180 1769 et
214 1728 282 1769 cnm
314 1727 432 1785 semper
466 1707 508 1766 ita
541 1707 675 1767 habitum
706 1709 954 1784 observatumque
984 1707 1030 1781 sit,

81 1807 141 1858 octo
163 1797 260 1858 nostri
283 1796 395 1857 tribuni
418 1798 459 1874 pl.
483 1805 573 1874 capnt
599 1808 762 1874 posuerunt
784 1799 861 1858 hoc:
902 1796 933 1857 Si
956 1812 1031 1864 va

81 1903 109 1942 in
135 1903 199 1944 nac
231 1902 413 1944 bosamont
448 1901 602 1944 semarvu
634 1903 698 1960 ssr,
730 1902 815 1953 Qvoo
846 1905 904 1943 ren
937 1903 1031 1945 incias

81 1989 216 2035 riaaisvn
251 1991 350 2048 semu,
386 1974 444 2035 hoc
478 1983 522 2033 est
556 1975 639 2050 quod
672 1994 725 2052 per
755 1976 852 2052 legem
881 1973 1027 2047 Clodiam,
1053 1991 1092 2051 35

77 2188 195 2238 contiene.
208 2214 242 2223 -
262 2187 388 2251 scriptum
406 2187 522 2235 incaute:

78 2273 183 2322 espresso
202 2274 250 2307 con
269 2273 334 2324 poca
349 2257 522 2308 avvedutezza.

111 2328 146 2378 18.
166 2330 299 2378 ordinem:
318 2329 337 2377 il
348 2328 427 2392 grado
445 2328 472 2376 di
485 2344 522 2377 se-

78 2407 163 2450 natore.

110 2484 145 2532 19.
171 2487 238 2534 quaa
266 2472 379 2520 cauenda
398 2470 522 2534 suerint:

79 2555 113 2589 rna
129 2542 218 2608 quello
237 2543 285 2591 ebe
303 2543 325 2590 si
340 2542 420 2591 dovea
432 2557 522 2605 garan-

78 2612 129 2671 tire;
147 2613 248 2663 intendi
268 2613 334 2662 circa
350 2614 375 2661 la
388 2628 446 2661 casa
458 2629 472 2662 e
485 2613 522 2676 gli

77 2682 125 2732 altri
136 2684 199 2735 beni
211 2683 349 2733 confiscati.
364 2685 478 2732 Fuerint
494 2685 533 2738 in.

76 2755 237 2805 correlazione
256 2755 296 2804 col
312 2762 430 2820 presente
435 2755 520 2820 fugit.

107 2837 144 2874 21.
166 2828 327 2876 tralaticium
353 2827 381 2874 de
406 2827 519 2889 impuni-

77 2901 132 2946 tate:
150 2897 175 2946 la
196 2897 310 2947 clausola
328 2897 394 2946 circa
413 2897 520 2962 limpo-

76 2963 127 3017 nita.
147 2968 243 3030 Questa
260 2985 303 3018 era
315 2975 389 3033 posta
409 2969 435 3017 in
455 2975 520 3018 tutte

76 3035 96 3084 le
111 3036 179 3103 leggi
195 3058 211 3089 a
224 3039 384 3104 guarentigia
402 3039 429 3088 di
442 3039 521 3088 chile

76 3121 214 3175 proponeva
238 3111 282 3162 nel
306 3125 365 3159 caso
389 3111 436 3160 che
454 3111 486 3158 vi.
499 3110 519 3159 si

76 3177 134 3230 losse
154 3187 249 3233 trovato
268 3182 361 3230 alcuna
380 3197 438 3231 cosa
460 3197 520 3231 con-

76 3255 189 3302 trastante
224 3252 290 3302 colle
334 3253 520 3302 innumerevoli

77 3318 137 3386 leggi
156 3324 265 3374 vecchie.

106 3404 144 3443 22.
156 3396 210 3442 eius
222 3395 283 3460 legis
293 3411 352 3460 ergo
380 3411 425 3460 per
434 3394 520 3460 quella

77 3458 150 3526 legge.
170 3465 242 3530 Erga
258 3466 303 3531 qui
318 3461 519 3532 epreposizione

77 3531 117 3582 che
135 3551 212 3599 regge
231 3537 250 3584 il
268 3537 389 3600 genitivo,
409 3553 431 3595 e,
447 3551 519 3586 come

77 3619 155 3665 causa,
175 3606 198 3654 si
216 3622 330 3672 pospone
349 3609 373 3657 al
392 3622 439 3656 suo
451 3622 519 3656 corn-

77 3673 208 3736 plemento.

615 2200 656 2250 23.
676 2205 726 2250 quo
745 2188 849 2236 consilio
869 2195 920 2236 eta
934 2189 1032 2250 quasit

578 2259 735 2307 inculcatura
746 2278 754 2311 ,·
773 2259 806 2307 da
824 2259 865 2307 chi
885 2276 899 2308 e
918 2274 966 2306 con
985 2259 1031 2306 che

577 2328 723 2380 intenzione
740 2330 778 2378 sia
796 2337 861 2379 stato
880 2330 1010 2393 aggiunto.

616 2412 657 2461 24.
680 2399 803 2449 Clodium.
824 2400 876 2451 cfr.
895 2401 915 2459 I,
937 2409 977 2462 57.
997 2426 1029 2434 -

576 2472 623 2519 vix
635 2478 684 2519 aut
695 2472 797 2519 omnino
809 2490 817 2521 .·
838 2487 853 2519 a
872 2486 935 2534 gran
953 2469 1029 2520 satica

576 2543 705 2590 oaffatto.

614 2612 655 2660 26.
675 2612 822 2666 infirmari:
841 2611 980 2660 annullare.

613 2693 654 2744 27.
675 2698 740 2744 quae
760 2683 963 2747 abrogarentur:
982 2683 1029 2733 che

577 2755 598 2803 si
609 2754 779 2816 abrogarono;
794 2753 959 2816 congiuntivo
970 2770 1028 2803 con·

574 2824 694 2875 secutivo.
710 2851 741 2858 -
760 2825 784 2872 sa'
800 2824 830 2872 id
839 2833 919 2874 esset:
938 2840 964 2873 se
978 2825 1029 2874 los-

575 2911 631 2946 sero
644 2903 707 2944 state
724 2902 850 2945 osservate
863 2896 887 2945 le
906 2896 1028 2946 sanaioni.

586 2971 588 2976 '
611 2979 652 3031 31.
673 2974 697 3014 et
714 2981 766 3015 non
785 2966 806 3015 si
825 2967 935 3017 traduce.

612 3050 654 3100 32.
668 3037 781 3086 habitum
801 3039 1029 3102 observatumque:

574 3115 682 3175 pensato
701 3109 733 3157 ed
751 3115 832 3158 usato.

611 3189 653 3244 35.
669 3180 781 3244 plebisve
796 3181 875 3230 scita:
891 3179 1027 3245 plebisciti.

575 3251 598 3300 Il
617 3250 752 3316 plebiscito
778 3267 820 3300 era
842 3251 929 3316 quella
953 3252 1029 3316 legge

576 3324 622 3373 che
641 3323 810 3388 proponevasi
830 3322 909 3371 daun
926 3322 1029 3372 tribuno

575 3394 626 3443 alla
642 3394 697 3442 sola
710 3393 794 3457 plebe,
808 3400 906 3443 mentre
921 3393 946 3442 le
959 3393 1029 3458 leggi

568 3465 700 3534 ¹veuivano
714 3472 837 3530 proposte
850 3481 864 3513 a
879 3464 938 3512 tutti
952 3480 965 3513 e
979 3465 1029 3513 due

574 3536 612 3601 gli
630 3535 714 3584 ordini
733 3551 748 3583 o
767 3536 800 3584 da
829 3552 863 3585 un
888 3543 988 3600 pretore
1012 3550 1029 3582 o

575 3608 607 3656 da
626 3624 661 3656 un
680 3607 784 3656 console
803 3621 819 3655 o
838 3607 871 3655 da
893 3622 927 3654 un
954 3607 1028 3653 ‹litta-

575 3686 636 3727 tore.
651 3705 684 3714 —
703 3679 748 3726 bac
761 3685 799 3726 ert
811 3679 937 3742 quodper
951 3677 1028 3740 legem
