2788 4286
286 331 454 374 EPISTULAE
476 329 630 374 SELEC'I'AE
654 347 696 360 ··-
719 331 767 375 ΕΡ.
793 330 978 375 xxxi-xxxa.
1050 331 1110 392 137
1179 294 1183 306 ·
1215 392 1224 404 ·

385 600 510 658 XXXII.
535 595 592 675 (ad
610 599 696 659 Fam.
723 602 788 673 XII,
819 599 889 679 10).

189 739 276 789 Scrive
294 741 341 791 che
360 739 459 805 Lepido
478 735 493 787 ὲ
511 745 577 788 stato
596 738 638 787 dal
657 739 750 790 Senato
776 739 914 789 dichiarato
943 741 1052 800 nemico,
1077 743 1110 792 ed

150 817 236 862 esorta
255 809 342 860 Cassio
361 811 408 860 che
426 811 447 859 si
466 811 558 860 affretli
576 827 591 859 a
609 810 696 860 venire
715 811 742 859 in
760 811 842 860 Italia.
863 811 961 874 Questa
972 811 1062 862 lettera
1080 813 1109 862 lu

149 882 238 931 datata
259 882 291 930 da
309 883 391 931 Roma
410 882 452 932 nel
473 892 520 943 711
542 880 601 946 (43)
628 881 645 929 l·
657 882 748 930 ultimo
773 882 864 946 giorno
889 882 916 930 di
935 882 1032 946 giugno
1050 899 1066 932 o
1085 884 1110 933 ai

147 953 229 1018 primi
247 953 274 1001 di
293 952 382 1016 luglio.

441 1109 570 1160 cremo
588 1109 708 1159 cessio
728 1110 753 1160 s.
774 1109 816 1173 (7.

194 1255 336 1335 Lepidus,
361 1268 430 1317 tuus
452 1255 566 1331 adfinis,
592 1275 676 1316 meus
698 1255 857 1328 familiaris,
883 1277 928 1335 pr.
948 1260 985 1317 K.
1013 1256 1105 1333 Quin·

146 1348 217 1406 tiles
239 1345 392 1407 sententiis
418 1345 558 1406 omnibus
588 1344 722 1406 hostisa
752 1356 856 1406 senatu
886 1344 1031 1407 iudicatus
1062 1356 1107 1406 est

146 1435 309 1512 ceterique,
335 1435 386 1512 qui
408 1453 468 1494 una
490 1453 558 1495 cum
575 1432 627 1513 illo
643 1453 661 1492 a
676 1453 707 1494 re
727 1455 757 1512 p.
774 1436 963 1508 defecerunt,
998 1433 1106 1511 quibus
1147 1479 1150 1492 .

146 1535 250 1584 tamen
273 1525 312 1584 ad
335 1521 490 1583 sanitatem
520 1521 668 1582 redeundi
699 1534 768 1582 ante
799 1527 839 1584 K.
863 1525 944 1600 Sept.
975 1533 1106 1602 potestas

146 1614 226 1673 facta
248 1622 303 1672 est.
348 1611 446 1673 Fortis
468 1631 538 1671 sane
561 1621 688 1683 senatus,
722 1613 775 1671 sed
805 1611 933 1672 maxime
963 1632 1015 1689 spe
1038 1615 1105 1674 sub·
1131 1630 1151 1691 5

146 1701 217 1762 sidii
239 1700 291 1762 tui.
337 1703 452 1762 Bellum
476 1699 608 1778 quidem,
633 1719 700 1761 cum
725 1703 799 1761 haec
829 1700 1003 1773 scribebam,
1034 1721 1104 1762 sane

145 1809 290 1869 magnum
314 1799 377 1850 erat
399 1792 510 1850 scelere
533 1799 563 1848 et
577 1787 696 1848 levitate
712 1788 829 1868 Lepidi.
876 1791 941 1849 Nos
963 1791 1002 1850 de
1017 1793 1106 1850 Dola-

145 1882 228 1941 bella
251 1877 370 1953 cotidie,
396 1898 473 1956 quae
494 1879 639 1950 volumus,
665 1876 810 1954 audimus,
836 1879 889 1938 sed
911 1879 1011 1939 adhuc
1041 1878 1105 1939 sine

144 1969 254 2046 capite,
280 1967 344 2027 sine
371 1977 499 2039 auctore,
532 1986 651 2026 rumore
681 1966 798 2027 nuntio.
844 1968 935 2042 Quod
965 1987 1033 2029 cum
1063 1966 1105 2028 ita

143 2067 233 2129 esset,
258 2067 360 2117 tamen
382 2056 487 2116 litteris
517 2054 582 2128 tuis,
608 2074 683 2132 quas
706 2055 802 2116 Nonis
824 2055 911 2116 Maiis
935 2075 972 2116 ex
1003 2056 1104 2118 castrIs
1132 2077 1176 2116 ro

142 2149 231 2207 datas
254 2163 472 2222 acceperamus,
491 2142 532 2204 ita
547 2163 719 2222 persuasum
742 2155 804 2204 erat
826 2144 945 2218 civitati,
971 2145 1104 2206 utillum

180 2389 215 2458 (⁴)
234 2390 286 2442 Csr.
305 2391 387 2451 XXX,
407 2387 449 2455 (Ἴ.

184 2476 207 2514 1.
237 2463 359 2527 Lepidus,
396 2471 458 2512 tuas
493 2462 595 2528 affinis.

142 2535 199 2584 Csr.
219 2533 300 2593 XXX,
322 2542 363 2597 25.
380 2561 412 2570 —
432 2549 502 2582 meus
511 2532 596 2597 fami·

141 2607 235 2656 liaris:
253 2605 305 2654 mio
330 2605 422 2654 intimo
446 2603 536 2653 amico.
563 2629 597 2640 ·-

144 2677 290 2739 Quintiles:
312 2676 339 2724 di
366 2675 455 2740 luglio,
481 2674 528 2725 che
556 2691 598 2724 era

141 2754 260 2814 appunto
273 2745 292 2796 il
304 2747 395 2813 quinto
410 2761 486 2806 mese,
500 2745 598 2794 comin-

142 2818 237 2868 eiando
255 2818 287 2867 da
306 2834 397 2868 marzo.
422 2817 533 2866 Ricorda
551 2817 597 2866 che

141 2890 162 2939 il
181 2905 259 2938 nome
276 2889 318 2940 dei
337 2889 401 2938 mesi
419 2888 486 2938 nelle
499 2888 557 2938 date
576 2887 597 2936 si

140 2960 273 3027 aggiunge
292 2977 392 3026 sempre
415 2974 487 3009 come
511 2965 597 3024 aggel-

140 3031 204 3082 tivo.

179 3115 205 3152 2.
214 3103 345 3152 sententiis
357 3102 487 3151 onenibus:
500 3118 515 3150 a
525 3101 595 3166 pieni

137 3173 204 3234 voti,
224 3169 417 3223 all’unanimitl.
437 3197 470 3207 -
490 3173 594 3222 bostis...

137 3246 273 3296 iudicatus
290 3251 334 3293 est.
351 3243 458 3308 Lepido,
473 3258 594 3308 governa-

139 3323 198 3366 tore
217 3314 284 3364 della
303 3314 387 3366 Gallia
402 3314 559 3374 Narbonese,
573 3313 596 3363 si

137 3403 185 3438 era
214 3386 345 3436 accordato
370 3401 419 3436 con
443 3385 556 3435 Antonio
580 3401 596 3434 a

135 3459 243 3508 Forum
272 3457 339 3506 Iulii
364 3473 410 3523 per
437 3456 475 3506 far
505 3471 596 3521 guerra

133 3523 274 3591 mateola
292 3527 448 3594 repubblica.

175 3613 214 3662 4.·
231 3600 269 3647 ad
291 3601 426 3648 sanitatem
450 3598 598 3648 redeundi:

132 3671 165 3722 di
185 3669 315 3736 rinsavire‚
328 3670 354 3718 di
367 3671 488 3720 ritornare
501 3669 522 3718 α’
539 3669 596 3718 suoi

650 2391 745 2441 doveri.
764 2390 817 2440 Csr.
834 2393 927 2444 Cesare
939 2393 981 2440 De
992 2392 1025 2441 B.
1042 2393 1070 2442 G.
1077 2393 1103 2458 I,

650 2475 703 2524 42,
722 2462 780 2522 VII,
799 2475 842 2526 42.

688 2543 710 2596 5.
730 2533 828 2593 Fortis,
848 2539 907 2584 sott.
926 2542 971 2584 est.

687 2603 710 2652 6.
739 2621 797 2652 cum
825 2605 1014 2655 scribebam...
1043 2621 1106 2656 sane

651 2691 773 2740 magnam
792 2683 855 2724 erat.
870 2673 1020 2740 Imperfetto
1035 2676 1108 2726 dello

650 2745 708 2795 stile
718 2745 861 2810 epistolare,
872 2747 918 2796 che
927 2747 985 2796 devi
992 2747 1108 2798 tradurre

651 2816 691 2866 col
710 2824 835 2882 presente.

688 2899 711 2950 7.
728 2887 819 2937 scelere
837 2896 862 2936 et
878 2888 997 2938 levitate:
1015 2905 1062 2954 per
1079 2889 1106 2938 la

652 2958 778 3023 malvagia
804 2958 955 3009 incostanza.
985 2959 1102 3010 Endiadi.

600 3051 603 3058 ⁴
655 3055 684 3064 -
701 3031 730 3078 a'e
744 3029 884 3078 Dolabella.
894 3030 946 3081 cfr.
960 3030 1044 3091 XXII,
1061 3031 1106 3081 61.

648 3099 1051 3151 Dolabellaerastatodichiarato
1060 3118 1104 3152 ne·

649 3172 716 3222 mico
731 3171 798 3222 della
816 3173 897 3236 patria
909 3189 955 3237 per
967 3190 1026 3223 aver
1038 3173 1106 3223 fatto

648 3243 766 3293 uccidere
784 3243 915 3292 Trebonio
934 3242 962 3292 in
980 3244 1067 3296 Efesm

685 3313 708 3364 8.
723 3331 789 3378 quae
802 3314 938 3364 volumus:
952 3315 1045 3365 notiaie
1057 3316 1106 3365 che

649 3386 672 3435 ci
685 3386 763 3435 fanno
776 3385 885 3450 piaeere.
900 3412 932 3420 -
946 3387 1000 3436 sine
1013 3387 1103 3450 capite,

649 3458 703 3506 sine
728 3464 839 3516 auctore,
865 3473 970 3506 rainere
994 3458 1103 3506 nuntio:

649 3544 723 3578 senza
741 3527 813 3578 fonte
832 3534 932 3579 certae
948 3527 1103 3588 autorevole,

649 3599 674 3648 al
693 3599 814 3665 semplice
835 3599 920 3648 avviso
944 3597 1012 3648 della
1036 3597 1101 3663 pub-

649 3670 717 3720 blica
736 3685 805 3721 voce.
