2788 4286
337 304 396 359 116

672 317 706 361 Μ.
729 316 760 360 Τ.
784 313 946 358 ClCERONlS

332 465 381 506 eas
403 456 433 505 te
454 446 562 505 referas
584 456 667 516 artes,
696 443 806 520 quibus
828 465 846 503 a
867 442 968 522 primis
999 445 1183 522 temporibus
1203 455 1273 505 aeta-

268 551 306 612 55
331 533 369 594 tis
387 532 517 594 studium
532 546 616 593 tuum
632 531 760 607 dedisti3
799 542 914 592 tantum
930 531 1036 608 dicam,
1053 536 1134 610 quod
1149 544 1178 594 te
1194 553 1272 612 spero

331 624 572 701 approbaturum,
604 641 662 694 me,
694 632 886 699 posteaquam
917 620 959 680 illi
988 621 1053 694 arti,
1085 621 1134 683 cui
1163 624 1274 683 studue-

331 731 402 782 ram,
426 710 500 771 nihil
523 729 587 771 esse
611 708 670 770 loci
692 729 790 786 neque
813 709 844 769 in
868 709 948 770 curia
970 730 1067 788 neque
1091 710 1123 770 in
1146 713 1210 771 foro
1237 710 1273 768 vi·

333 802 443 874 desem,
469 819 589 860 omnem
612 817 710 858 meam
733 817 833 859 curam
863 808 952 875 atque
982 818 1104 877 operam
1127 801 1166 860 ad
1188 797 1274 877 philo

332 890 467 966 sophiam
486 886 672 948 contulisse.'
694 889 778 946 Tuae
793 885 931 947 scientiae
955 888 1162 949 excellentiae
1184 887 1274 965 singu·

265 981 307 1036 60
330 976 384 1038 lari
406 997 468 1038 nou
490 978 584 1036 multo
614 977 681 1053 plus
705 995 795 1052 quam
825 985 941 1035 nostrae
972 975 1108 1036 relictum
1138 989 1184 1038 est
1212 975 1273 1036 lo'ci.

330 1068 430 1142 Quare
453 1085 515 1125 non
538 1063 678 1140 equidem
700 1072 731 1123 te
752 1083 870 1136 moneo,
899 1065 952 1123 sed
975 1063 1048 1124 mihi
1077 1064 1118 1124 ita
1139 1063 1273 1143 persuasi,

330 1166 361 1214 te
383 1173 502 1232 quoque
525 1154 557 1214 in
579 1152 674 1212 isdem
697 1151 806 1211 versari
824 1155 921 1225 rebus,
947 1172 1023 1229 quae
1047 1151 1162 1214 etiamsi
1184 1152 1274 1214 minus

328 1245 512 1322 prodessent,
538 1241 669 1303 animum
691 1251 791 1300 tamen
813 1261 830 1300 a
854 1240 1051 1301 sollicitudine
1073 1243 1263 1303 abducerent.

374 1330 491 1392 Servius
514 1330 636 1408 quidem
657 1338 726 1389 tuus
747 1329 779 1388 iu
801 1329 940 1390 omnibus
964 1327 1100 1408 ingenuis
1121 1331 1233 1390 artibus
1245 1329 1273 1388 in

265 1423 304 1498 65
330 1419 490 1499 primisque
513 1419 544 1480 in
565 1420 630 1492 hac,
654 1417 685 1477 in
708 1437 767 1494 qua
788 1437 844 1495 ego
873 1438 922 1478 me
951 1418 1052 1496 scripsi
1074 1418 1270 1496 adquiescere,

328 1510 369 1569 ita
391 1519 530 1580 versatur,
555 1517 588 1567 ut
618 1507 762 1581 excellat3
797 1526 885 1566 ame
907 1525 978 1567 vero
1009 1506 1051 1568 sic
1077 1507 1216 1586 diligitur,
1246 1516 1275 1565 ut

331 1596 385 1656 tibi
408 1596 460 1656 uni
483 1595 655 1666 concedam,
680 1604 832 1672 praeterea
850 1593 983 1669 nemini;
1023 1594 1157 1673 mihique
1181 1597 1219 1656 ab
1240 1615 1273 1654 eo

330 1683 422 1762 gratia
445 1687 568 1745 refertur
580 1700 588 1758 ;
626 1683 657 1742 in
679 1702 738 1759 quo
761 1683 810 1743 ille
832 1682 985 1756 existimat,
1018 1686 1100 1759 quod
1123 1684 1209 1746 facile
1231 1703 1275 1760 ap·

330 1784 438 1852 pareat,
463 1794 531 1835 cum
554 1791 602 1832 me
625 1773 704 1832 colat
726 1782 756 1831 et
782 1774 928 1845 observet,
945 1770 1007 1831 tibi
1038 1791 1158 1851 quoque
1189 1773 1221 1832 in
1242 1792 1276 1832 eo

267 1879 306 1938 70
333 1883 364 1922 se
387 1865 482 1923 faeere
504 1859 710 1940 gratissimum.

329 2073 372 2121 vel
388 2072 498 2137 ripetuto
522 2087 633 2121 accenna
657 2072 700 2136 qui
728 2087 779 2120 una

329 2144 464 2193 differenza
482 2143 508 2190 di
532 2143 567 2190 tal
591 2149 680 2190 natura
698 2141 744 2190 che
769 2142 777 2189 i

329 2215 380 2262 due
404 2213 512 2262 membri
536 2227 646 2278 possono
673 2212 778 2262 tuttavia

327 2285 494 2334 considerarsi
503 2299 576 2334 come
583 2283 649 2331 uniti
659 2283 777 2348 (parte...

328 2355 420 2421 parte).
448 2356 479 2404 In
501 2355 547 2404 che
573 2369 631 2402 cosa
655 2352 778 2403 differisce

329 2429 361 2476 da
379 2433 465 2476 atet...
484 2431 552 2475 aut)
570 2424 623 2476 cfr.
643 2425 679 2474 M.
699 2423 759 2488 387.

366 2509 407 2563 54.
434 2504 457 2546 te
481 2498 597 2562 referas:
623 2496 642 2544 ti
666 2494 778 2561 applichi

326 2570 356 2619 di
374 2583 466 2618 nuovo.

365 2641 406 2704 56.
420 2638 461 2688 illi
475 2640 536 2698 arti,
548 2634 602 2688 cioe
616 2637 711 2686 all'arte
724 2652 778 2685 ora·

327 2711 401 2760 toria.

366 2779 406 2844 58.
426 2788 528 2844 operata
540 2798 547 2828 .·
566 2776 670 2829 attivita.

366 2861 406 2915 59.
440 2852 509 2899 Tuae
527 2852 654 2909 scientiae,
678 2845 734 2899 cioe
753 2849 778 2897 la

329 2921 545 2987 giurisprudenza.

367 2991 521 3040 dorcestrae
533 3013 569 3033 =
579 3007 654 3041 meae.
669 3018 700 3028 -
715 2991 776 3040 loci:

328 3077 429 3128 campo.

367 3132 408 3181 62.
428 3140 451 3182 te
469 3148 568 3196 quoque
583 3134 611 3183 in
625 3133 702 3183 isdem
720 3148 778 3180 aer·

328 3205 387 3252 sari
403 3205 495 3252 rebus:
514 3203 560 3252 che
579 3210 605 3253 tu
620 3218 683 3269 pure
697 3203 722 3252 al
734 3219 779 3269 par

329 3273 358 3322 di
387 3290 428 3324 me
457 3275 476 3322 ti
505 3274 589 3324 debba
613 3273 740 3339 applicare
764 3289 779 3322 a

329 3345 418 3410 quegli
438 3345 521 3395 studii.
538 3370 571 3379 -
591 3347 676 3394 minas
686 3363 694 3392 :
705 3360 778 3411 poco.

331 3439 363 3450 -
390 3417 591 3480 prodessent...
626 3415 782 3464 abducerent

330 3501 393 3534 sono
412 3486 606 3552 all‘imperfetto
624 3481 716 3551 perche
741 3485 780 3533 di-

330 3558 452 3621 pendenti
471 3558 503 3607 da
516 3558 645 3624 persuasi.

868 2073 909 2134 64.
924 2073 1048 2122 Servius:
1066 2072 1161 2133 Servio,
1174 2073 1194 2122 il
1208 2071 1273 2136 figlio

831 2143 858 2191 di
876 2143 962 2193 Servio
981 2143 1102 2208 Sulpicio,
1122 2144 1193 2193 acui
1212 2140 1225 2191 ὲ
1242 2142 1276 2191 di-

832 2222 895 2263 retta
918 2221 1006 2279 questa
1030 2215 1126 2264 lettera.
1155 2241 1189 2250 —
1214 2216 1277 2278 inge-

833 2287 894 2333 nuis
912 2286 1028 2334 artibus:
1048 2285 1095 2334 arti
1113 2285 1222 2335 liberali.

868 2356 909 2419 65.
919 2357 947 2404 in
957 2356 1011 2415 hac,
1022 2351 1077 2404 cioe
1088 2356 1157 2406 nella
1166 2352 1276 2405 filosofia.

868 2425 909 2474 66.
935 2433 966 2474 ut
987 2428 1109 2476 excellat:
1133 2427 1182 2476 che
1207 2427 1227 2476 si
1252 2424 1277 2474 fa

831 2512 916 2546 onore.
945 2522 978 2530 -
1007 2506 1038 2547 ut
1061 2498 1107 2546 tibi
1127 2500 1177 2547 uni
1199 2511 1279 2546 canee-

832 2570 909 2616 dam:
933 2568 979 2617 che
998 2569 1023 2617 la
1041 2569 1103 2617 cedo
1128 2585 1142 2617 a
1168 2576 1193 2620 te
1219 2567 1277 2617 solo.

867 2637 908 2700 67.
928 2639 991 2688 mitt
1008 2641 1039 2688 ab
1058 2655 1084 2688 ea
1100 2641 1189 2705 gratia
1201 2638 1279 2703 reser-

832 2717 895 2758 tur:
912 2710 944 2758 ed
963 2710 1014 2774 egli
1033 2710 1069 2758 mi
1087 2710 1257 2776 corrisponde.

867 2778 908 2830 68.
927 2781 956 2828 in
975 2798 1043 2844 que:
1068 2798 1081 2830 e
1104 2781 1130 2830 in
1155 2777 1195 2830 cio
1220 2779 1277 2828 fare.

832 2876 865 2886 —
885 2851 1046 2915 quodfacile
1062 2859 1205 2916 appareat:
1223 2865 1278 2899 cosa

832 2920 878 2970 che
897 2917 949 2985 pud
967 2922 1113 2972 lacilmente
1132 2937 1215 2972 essere
1228 2936 1274 2970 ma·

831 2991 929 3040 nifesta.
943 2991 1116 3057 Congiuntivo
1128 2991 1277 3058 potenziale.

830 3061 899 3110 Nota
916 3062 936 3110 il
952 3066 1023 3127 quod
1035 3071 1073 3113 tra
1086 3063 1220 3128 parentesi,
1235 3078 1278 3127 op·

830 3148 894 3197 pure
910 3134 941 3182 id
958 3135 1034 3198 quod,
1059 3135 1105 3184 che
1130 3133 1151 3183 si
1177 3133 1278 3184 traduce

831 3218 879 3252 con
888 3203 913 3252 la
926 3205 1083 3270 espressione
1099 3225 1109 3248 ι
1123 3221 1182 3256 cosa
1195 3205 1241 3255 che
1255 3221 1276 3251 ⁸·

867 3273 908 3335 69.
920 3291 977 3324 cum
990 3293 1028 3326 me
1040 3277 1106 3326 colat
1117 3283 1142 3325 et
1152 3277 1278 3325 observet:

832 3346 929 3394 avendo
956 3363 971 3394 a
995 3362 1036 3396 me
1060 3346 1079 3395 il
1101 3343 1146 3412 pil
1170 3346 1223 3396 alto
1246 3344 1280 3394 ri-

833 3422 922 3479 spetto.
933 3415 1027 3467 Perche
1035 3424 1124 3483 questo
1134 3433 1191 3466 cum
1202 3430 1278 3480 regge

833 3486 852 3534 il
870 3488 1053 3552 congiuntivol

689 3669 911 3680 ----—-—
