2786 4280
352 323 699 382 nP1STULAt2snLECTAn
722 341 765 350 -
788 325 835 369 ΕΡ.
860 327 880 371 1.
1077 333 1096 388 9

138 450 345 530 praecipitem,
370 449 588 512 inconstantem
619 449 747 512 reditum
777 450 859 511 videt
871 469 878 527 ;
918 454 1014 514 bonos
1044 453 1096 515 ini·

137 540 235 601 micos
264 540 362 615 habet,
395 539 548 617 improbos
577 539 658 618 ipsos
689 559 751 599 non
782 539 915 602 amicos..
950 545 996 603 Ac
1026 541 1101 611 vide,

137 628 295 690 mollitiem
323 628 423 690 animi.
472 631 542 689 Non
569 627 653 688 tenui
682 627 825 702 lacrimas
858 649 926 690 cum
949 630 1032 691 illum
1064 653 1092 694 a.

137 720 169 779 d.
194 736 248 778 vur
270 719 341 779 Kal.
364 718 489 778 Sextiles
513 717 574 777 vidi
598 719 636 778 de
668 716 771 778 edictis
793 717 891 791 Bibuli
922 720 1095 780 contionan-

136 817 209 867 tem.
257 806 317 882 Qui
339 817 425 866 antea
449 805 552 866 solitus
573 815 651 866 esset
674 805 780 866 iactare
804 826 835 867 se
865 807 1094 885 magnificentis·
1120 828 1167 890 253

136 895 212 956 sime
235 895 288 956 illo
311 895 342 955 in
372 898 440 956 loco
468 913 584 956 summo
614 914 683 956 cum
705 914 806 956 amore
834 895 948 974 populi,
979 899 1092 959 cunctis

134 982 316 1059 faventibus
340 995 374 1044 ut
396 984 447 1043 ille
472 995 536 1044 tum
567 983 693 1057 humilis
727 994 760 1043 ut
782 983 928 1046 demissus
958 997 1028 1060 erat,
1061 998 1095 1046 ut

133 1072 201 1152 ipse
236 1072 326 1133 etiam
354 1071 418 1146 sibi,
452 1092 514 1132 non
545 1072 581 1133 iis
611 1074 717 1146 solum,
749 1071 800 1150 qui
829 1074 961 1148 aderant,
994 1073 1094 1153 displi-

134 1161 247 1223 cebat!
295 1162 547 1240 Ospectaculum
571 1161 624 1220 uni
647 1162 753 1221 Crasso
782 1161 955 1236 iucundum,
989 1164 1094 1225 ceteris

133 1269 201 1312 non
225 1249 319 1311 iteml
361 1253 448 1324 Nam,
474 1249 543 1328 quia
562 1249 713 1311 deciderat
728 1269 764 1309 ex
778 1250 870 1324 astris,
888 1253 987 1329 lapsus
1002 1273 1091 1331 quam
1117 1275 1166 1332 3οχ
1259 1241 1260 1248 ¹

132 1358 313 1418 progressus
328 1338 428 1416 potius
442 1338 608 1414 videbatur,
629 1348 666 1411 et,
686 1348 718 1398 nt
736 1341 866 1417 Apelles,
884 1339 909 1400 si
932 1343 1089 1415 Venerem,

132 1438 188 1489 aut
211 1429 401 1506 Protogenes,
427 1425 451 1486 si
472 1430 603 1506 Ialysum
625 1427 708 1486 illurn
731 1447 816 1486 suum
847 1448 940 1489 caeno
966 1430 1093 1490 oblitum

130 1515 260 1589 videret,
298 1536 449 1595 magnum,
481 1518 581 1591 cred0,
612 1515 760 1594 acciperet
793 1517 936 1591 dolorem,
968 1517 1010 1579 sic
1037 1539 1093 1596 ego

131 1607 217 1666 hunc
240 1605 380 1665 omnibus
403 1625 421 1664 a
443 1624 492 1665 me
514 1605 627 1684 pictum
650 1615 680 1666 et
702 1605 829 1682 politum
852 1605 921 1666 artis
945 1607 1093 1668 coloribus

131 1693 237 1755 subito
252 1695 450 1754 deformatum
465 1714 528 1755 non
544 1693 609 1753 sine
624 1713 733 1771 magno
753 1696 857 1755 dolore
872 1694 944 1754 vidi.
984 1697 1093 1771 Quam·
1118 1715 1167 1777 35„
1228 1685 1229 1688 ¹

133 1803 230 1862 quam
254 1801 351 1862 nemo,
367 1784 492 1860 putabat
514 1793 636 1861 propter
658 1781 838 1843 Clodianum
869 1783 1022 1861 negotium
1046 1805 1094 1845 me

129 1871 178 1932 illi
200 1871 331 1932 amicum
361 1891 425 1932 esse
449 1873 567 1945 debere,
602 1881 701 1932 tamen
732 1881 831 1932 tantus
854 1871 908 1932 suit
937 1893 1028 1948 amor,
1061 1884 1094 1934 ut
1171 1943 1173 1950 ,

129 2102 198 2152 zarsi
217 2101 361 2161 disastroso,
381 2101 433 2150 mal
460 2101 543 2151 sicuro
568 2102 587 2151 il

129 2172 248 2223 ritirarsi.
278 2173 383 2222 Avverti
416 2172 435 2222 il
466 2172 586 2223 ehiasmo.

130 2244 188 2294 Cfr.
208 2243 234 2293 S.
254 2244 282 2292 F.
302 2257 344 2306 90,
364 2243 388 2292 b.

170 2327 213 2364 22.
228 2316 353 2378 improbos
366 2315 451 2379 nasos:
463 2314 497 2364 ed
507 2316 587 2366 anche

130 2385 282 2449 imalvagi.

170 2469 213 2518 24.
234 2456 356 2505 Sextiles:
374 2456 401 2505 di
418 2457 524 2521 Agosto.
537 2458 588 2508 Era

131 2525 188 2578 cosl
207 2527 334 2576 chiamato
347 2534 438 2592 questo
457 2543 526 2578 mese
545 2528 587 2578 dai

130 2599 247 2648 Romani
273 2594 366 2663 perche
393 2605 460 2648 sesto
491 2600 587 2649 comin-

132 2669 226 2720 eiando
245 2669 277 2717 da
291 2669 393 2728 Mauo,
413 2667 458 2735 pile
477 2670 540 2719 tardi
560 2671 587 2719 in

132 2756 213 2790 onore
231 2740 258 2788 di
277 2741 396 2804 Augusto
415 2740 442 2790 ln
461 2741 531 2790 detto
553 2743 587 2790 A·

131 2817 218 2876 gosto.
237 2810 347 2861 Ricorda
363 2811 410 2860 che
422 2810 442 2859 il
454 2827 530 2862 nome
545 2812 587 2862 del

131 2897 205 2933 mese
222 2882 291 2932 nelle
315 2884 374 2933 date
397 2881 476 2932 latine
501 2877 515 2931 ὲ
544 2898 587 2947 ag·

132 2955 226 3020 ginnto
244 2969 345 3019 sempre
363 2968 435 3004 come
448 2955 586 3017 aggettivo.

169 3032 214 3088 25.
233 3027 330 3088 qui...
353 3025 445 3073 solitus
469 3033 539 3075 esset.
563 3025 587 3075 11

132 3095 241 3146 relativo
262 3094 381 3161 equivale
405 3094 429 3143 al
453 3095 585 3145 dimostra-

131 3165 188 3216 tivo
225 3172 425 3232 accompagnato
455 3165 497 3214 dal
528 3185 586 3216 cum

130 3237 296 3287 avversativo.

168 3319 214 3370 27.
233 3315 310 3358 ut...
330 3315 413 3358 ut...
432 3315 464 3356 ut
474 3308 584 3365 anafora.

132 3377 187 3428 cfr.
209 3377 233 3430 S.
253 3378 280 3428 F.
301 3377 342 3440 84,
361 3382 392 3430 A.
412 3391 436 3428 2.

167 3463 213 3511 29.
238 3451 289 3498 uni
313 3449 406 3499 Crasso
434 3451 585 3500 iucundum.

130 3520 226 3570 Crasso
256 3536 308 3569 non
339 3517 453 3587 perdono
485 3521 535 3570 mai
571 3537 585 3569 a

129 3594 248 3658 Pompeo
267 3591 286 3640 il
301 3598 378 3641 vanto
396 3592 443 3641 che
462 3591 546 3657 questi
565 3592 586 3641 si

128 3663 197 3712 dava
228 3663 256 3712 di
285 3679 343 3714 aver
370 3669 506 3729 cooperato
536 3661 586 3712 alla

641 2101 758 2152 sconfitta
766 2101 836 2165 degli
849 2101 953 2152 schiavi.
964 2101 986 2150 Il
996 2104 1093 2168 popolo

640 2173 801 2223 arenvoluto
820 2172 866 2222 che
885 2174 945 2238 quei
963 2173 1013 2224 due
1032 2189 1093 2224 con-

641 2244 688 2294 soli
698 2245 719 2293 si
732 2250 962 2309 rappattumassero
971 2244 1054 2308 prima
1066 2246 1092 2294 di

641 2317 723 2366 uscire
742 2314 769 2363 di
787 2313 885 2374 carica;
905 2314 989 2364 mala
1008 2316 1093 2366 ricon-

641 2386 771 2435 ciliazione
786 2386 814 2434 fu
825 2385 935 2435 soltanto
945 2395 1090 2452 apparente,

642 2457 756 2507 eCrasso
768 2453 891 2506 continuo
903 2474 918 2506 a
931 2456 1026 2507 nutrire
1040 2458 1092 2506 mal

641 2527 727 2577 animo
746 2535 834 2577 contro
854 2527 976 2593 Pompeo.

658 2649 659 2652 ,
678 2611 719 2662 31.
739 2597 849 2662 Apelles,
864 2600 889 2646 si
902 2598 1031 2661 Venerem,
1043 2607 1092 2648 aut

640 2670 804 2734 Protogenes,
817 2670 842 2716 si
854 2669 978 2732 Ialysum.
997 2669 1093 2734 Apelle

641 2757 655 2790 e
674 2741 824 2803 Protogene,
839 2739 848 2787 i
866 2738 916 2789 due
932 2735 977 2804 piis
996 2740 1091 2791 celebri

640 2810 727 2876 pittori
752 2809 820 2859 della
845 2807 885 2860 eta
909 2810 972 2870 loro,
995 2811 1092 2862 vissero

641 2881 706 2930 circa
723 2895 741 2942 4
760 2880 838 2930 secoli
851 2897 873 2932 a.
890 2880 919 2930 C.
933 2881 972 2930 La
990 2881 1091 2933 Venere

641 2948 655 3001 ὲ
684 2951 771 3017 quella
800 2952 860 3001 dell’
871 2953 936 3002 isola
965 2953 992 3002 di
1018 2951 1091 3012 Coo;

641 3029 737 3088 quanto
755 3039 770 3072 a
791 3023 875 3083 Ialiso,
895 3031 1091 3090 rappresentava

639 3099 730 3159 questo
758 3095 855 3160 quadro
880 3111 916 3144 un
943 3095 1088 3155 cacciatore,

638 3164 716 3214 l’eroe
735 3165 856 3230 eponimo
875 3166 943 3215 della
961 3163 1028 3224 citri,
1042 3166 1094 3216 chel
1153 3226 1156 3232 .

639 3251 682 3284 era
697 3235 716 3284 il
729 3236 783 3302 tipo
801 3236 883 3288 ideale
900 3236 967 3287 della
980 3236 1091 3286 bellezza

639 3307 719 3357 virile.
738 3309 882 3372 Protogene
905 3309 930 3356 vi
948 3304 1035 3357 lavoro
1053 3316 1090 3356 at·

640 3383 714 3427 torno
733 3385 796 3428 sette
815 3379 848 3426 od
868 3377 955 3428 undici
973 3377 1042 3428 anni.

676 3461 717 3512 32.
725 3448 830 3498 oblitum
840 3450 872 3498 da
881 3449 972 3499 o‘blino.
980 3449 1091 3498 Ricorda

639 3520 686 3569 che
705 3519 730 3568 la
748 3516 922 3585 penultimae
944 3520 1020 3570 breve
1043 3535 1092 3585 per

640 3606 779 3642 eecezrone.

676 3673 719 3725 37.
739 3669 770 3711 ut
792 3663 929 3712 exhauriri
948 3676 1018 3712 ece:
1042 3661 1092 3710 che
