2786 4280
298 329 465 374 smsrurss
487 300 643 373 senseras
666 346 707 357 —
732 331 780 374 sn.
803 331 855 375 xv.
1011 320 1051 394 63

111 458 183 518 illum
205 477 223 516 a
245 458 416 534 Voluptate,
441 475 515 529 eam,
540 456 563 516 si
587 476 635 516 me
657 454 713 516 tibi
739 456 945 517 vehementius
976 478 1056 520 corn·

112 545 261 619 mendabit,
278 565 316 605 ne
328 553 486 622 aspernere
495 544 649 624 amorique
657 554 759 605 nostro
773 547 942 622 plusculum
954 547 1052 622 etiam,

110 656 186 712 quam
209 635 355 697 concedet
378 634 493 704 veritas,
518 634 653 712 largiare.

145 725 228 800 Quod
245 723 269 782 si
292 733 321 783 te
343 724 535 796 adducemus,
554 737 587 784 ut
601 726 660 784 hoc
676 722 826 800 suscipias,
844 722 907 798 erit,
924 734 957 784 ut
981 725 1054 786 mihi

109 814 269 890 persuade0,
298 811 436 872 materies
463 811 554 889 digna
580 814 719 874 facultate
746 822 775 871 et
802 812 888 890 copia
914 822 972 872 tua.
1024 820 1052 876 A
1079 833 1118 894 5ο

111 902 243 979 principio
268 901 347 960 enim
371 899 582 961 coniurationis
604 921 698 979 usque
713 903 752 961 ad
767 901 896 961 reditum
919 912 1053 962 nostrum

108 991 210 1050 videtur
233 989 308 1050 mihi
331 989 483 1049 modicum
507 991 660 1067 quoddam
683 1009 791 1068 corpus
814 989 920 1051 confici
942 1010 1050 1068 posse:
1088 985 1090 996 '

107 1078 199 1156 inquo
221 1090 253 1140 et
275 1079 327 1138 illa
341 1078 452 1157 poteris
468 1078 511 1138 uti
527 1079 657 1140 civilium
673 1079 939 1140 commutationum
958 1078 1051 1140 scien-

108 1167 140 1227 tia
158 1171 202 1228 vel
224 1168 256 1228 in
279 1167 462 1246 explicandis
486 1167 582 1228 causis
604 1188 702 1228 rerum
720 1187 865 1228 novarum
889 1170 937 1228 vel
960 1169 991 1229 in
1007 1188 1050 1229 re·

107 1258 198 1319 mediis
220 1257 490 1328 incommodorum,
516 1277 584 1317 cum
616 1268 645 1316 et
672 1258 873 1335 reprehendes
899 1277 942 1332 ea,
973 1277 1049 1334 quae
1075 1277 1114 1338 55

106 1346 287 1424 vituperanda
310 1346 409 1417 duces,
436 1356 473 1418 et,
499 1365 577 1422 quae
603 1347 773 1423 placebunt,
794 1346 980 1423 exponendis
1005 1367 1049 1407 ra·

106 1434 223 1496 tionibus
256 1434 486 1513 comprobabis;
531 1445 569 1506 et,
599 1435 638 1495 si
658 1434 789 1507 liberius,
821 1446 855 1494 ut
888 1435 1047 1509 consuesti,

106 1527 239 1601 agendum
263 1523 398 1602 putabiS,
416 1525 576 1584 multorum
599 1524 629 1583 in
653 1543 709 1584 nos
731 1523 895 1601 perfidiam,
916 1523 1046 1600 insidias,

105 1613 291 1690 proditionem
315 1611 443 1672 notabis.
490 1615 616 1672 Multam
633 1612 720 1674 etiam
743 1633 828 1673 casus
847 1613 941 1674 nostri
956 1614 1047 1674 varie-

44 1693 48 1712 '
105 1712 181 1762 tatem
207 1702 263 1763 tibi
289 1699 321 1761 in
351 1700 509 1762 scribendo
539 1701 773 1780 suppeditabunt
801 1704 921 1780 plenam
952 1703 1047 1764 cuius·
1072 1707 1114 1764 60

104 1792 161 1852 dam
182 1790 351 1870 voluptatis,
377 1809 453 1869 quae
476 1791 668 1851 vehementer
691 1791 806 1852 animos
828 1790 985 1852 hominum
1015 1791 1047 1852 in

103 1881 226 1958 legendo,
255 1890 285 1941 te
312 1879 463 1958 scriptore,
492 1889 593 1964 tenere
624 1879 726 1958 possit.
781 1880 863 1940 Nihil
891 1891 936 1940 est
966 1879 1046 1941 enim

103 1971 184 2047 aptius
205 1971 247 2030 ad
278 1968 508 2029 delectationem
539 1968 657 2029 lectoris
684 1989 774 2047 quam
800 1980 969 2047 temporum
997 1990 1046 2029 va·

102 2059 204 2120 rietates
227 2062 425 2134 fortunaeque
436 2056 660 2119 vicissitudines.
716 2060 801 2135 Quae
816 2058 871 2118 etsi
886 2057 974 2119 nobis
993 2079 1044 2137 op-

103 2149 191 2209 tabiles
214 2149 247 2209 in
276 2147 458 2224 experiendo
480 2166 542 2206 non
570 2149 697 2219 fuerunt,
725 2147 757 2207 in
785 2149 913 2225 legendo
944 2158 1044 2208 tamen
1069 2153 1109 2226 65

102 2249 173 2298 erunt
193 2237 363 2298 iucundae:
403 2235 494 2294 habet
517 2234 596 2295 enim
623 2235 773 2314 praeteriti
803 2236 913 2296 doloris
942 2257 1044 2297 secura

102 2539 177 2592 illam:
201 2541 330 2600 1'Ercole‚
350 2540 375 2589 di
400 2540 442 2589 cui
467 2539 539 2604 parla

101 2609 233 2663 Senofonte.
259 2611 354 2661 Allude
382 2611 432 2659 alla
460 2611 537 2659 storia

102 2682 216 2748 ‹Ercolq
229 2684 255 2733 al
273 2684 381 2742 bivio»,
401 2683 467 2732 forse
487 2681 536 2730 im-

100 2755 213 2818 magiona
239 2756 282 2804 dal
306 2753 392 2804 sofista
419 2752 534 2812 Prodico,

100 2823 192 2887 ripemta
210 2826 302 2892 quindi
315 2826 347 2874 da
367 2823 462 2882 Senos„
476 2839 490 2873 e
503 2825 535 2873 da

100 2890 205 2948 Cicerone
214 2904 291 2963 posta
302 2897 345 2945 nel
358 2897 370 2945 I
382 2899 420 2945 lle
433 2895 534 2958 officiis.

124 2968 161 3026 46.
170 2986 240 3018 eam:
252 2967 454 3034 quell'amicizia,
468 2966 534 3017 dico.

124 3051 161 3102 49.
181 3041 259 3102 Quod
268 3041 305 3088 si:
322 3040 369 3089 che
382 3055 416 3088 se.
432 3037 485 3085 Cfr.
500 3038 532 3097 11,

100 3117 129 3169 ²3·
143 3137 171 3145 -
184 3112 341 3160 adducemus
353 3111 532 3158 :adducam

98 3202 121 3213 -
137 3189 165 3230 ut
175 3183 241 3231 milri
247 3182 408 3246 persuadeo:
420 3196 452 3230 ne
470 3195 532 3228 sono

98 3252 207 3303 convinto.

123 3331 158 3384 50.
167 3324 303 3386 facultate
327 3330 352 3372 et
369 3324 440 3386 copia
467 3330 531 3371 tua:

98 3388 128 3439 del
147 3401 189 3443 tuo
215 3395 328 3458 ingegno
354 3411 368 3445 e
393 3393 461 3443 della
489 3401 532 3443 tua

99 3459 228 3528 eloquenza.

123 3543 157 3597 52.
183 3537 311 3586 modicum
330 3537 457 3600 quoddam
478 3553 531 3583 cor-

95 3609 146 3660 tus:
161 3624 212 3656 una
226 3606 383 3672 monogralia
399 3607 491 3657 storica
504 3607 531 3654 di

98 3671 186 3728 discreta
206 3679 342 3745 ampiezza.

629 2549 670 2605 53.
684 2541 712 2588 in
726 2556 793 2604 quo:
807 2540 834 2588 in
848 2556 910 2589 essa.
925 2565 958 2574 —
970 2539 1041 2588 illa...

592 2611 706 2658 civilium
719 2612 944 2659 commutationum
963 2611 1042 2658 scien-

591 2682 646 2730 tia:
664 2681 691 2729 di
710 2681 797 2746 quella
817 2688 861 2730 tua
887 2695 1043 2732 conoscenza

590 2752 631 2801 dei
651 2752 802 2801 mutamenti
821 2752 927 2817 politici.

626 2833 667 2889 54.
690 2839 779 2872 rerum
805 2840 950 2872 novaram:
974 2823 1042 2874 delle

589 2895 748 2944 rivoluzioni.

627 2965 667 3030 56.
693 2967 849 3030 exponendis
876 2967 1041 3017 rationibus:

588 3037 629 3084 col
647 3036 720 3087 dirue
738 3037 763 3086 le
782 3037 889 3101 regioni.

625 3117 667 3172 57.
686 3110 710 3156 si
721 3108 826 3158 liberius
844 3109 993 3168 contami,
1013 3125 1040 3158 se

587 3179 656 3228 nella
674 3179 833 3245 esposizione
851 3179 893 3229 dei
912 3179 968 3228 fatti
985 3194 1040 3229 cre·

587 3250 656 3300 derai
678 3258 824 3316 opportuno
850 3265 931 3309 usare,
958 3245 1040 3300 com'e

586 3328 631 3370 tuo
655 3329 777 3380 costume‚
804 3338 856 3370 una
880 3329 947 3372 certa
971 3321 1039 3371 fran-

586 3393 682 3443 chezza.

622 3464 664 3515 62.
685 3473 708 3514 te
727 3464 869 3528 scm'ptore:
888 3464 961 3512 date
980 3479 1038 3512 nar-

586 3535 640 3585 rati.
653 3563 686 3572 —
694 3537 785 3600 possit,
800 3535 965 3600 congiuntivo
979 3549 1038 3582 con-

585 3607 754 3670 seguenziale.

620 3677 663 3726 66.
682 3692 792 3726 secura:
810 3693 884 3727 senza
903 3673 1023 3742 pericolo.
