2788 4286
310 299 370 355 130

645 295 679 339 M.
703 295 733 337 Τ.
757 293 920 337 ClCERONlS

304 439 360 480 nec
382 421 415 481 P.
440 418 571 492 Servili0,
597 419 649 497 qui
671 439 719 478 me
743 429 787 479 est
809 429 995 493 consecutus,
1028 430 1093 479 tuto
1120 419 1152 479 in
1178 440 1271 482 sena·

302 518 366 568 tum
381 507 483 568 venire
498 509 576 570 licet.
615 509 746 569 Caedem
759 506 838 568 enim
850 507 995 586 gladiator
1006 507 1121 584 quaerit
1132 508 1269 586 eiusque

303 595 419 658 initium
442 618 468 658 a.
492 599 523 657 d.
546 615 600 657 x111
622 599 661 656 K.
680 597 804 657 Octobr.
820 617 838 656 a
853 617 901 656 me
916 616 947 656 se
961 598 1105 657 facturum
1128 599 1269 674 putavit,

239 702 276 761 15
302 687 341 745 ad
364 705 454 762 quem
476 696 595 764 paratus
617 696 747 759 venerat,
776 705 844 746 cum
872 685 903 746 in
933 684 1002 746 villa
1031 686 1146 746 Metelli
1177 707 1266 747 com·

301 776 401 852 plures
423 773 488 836 dies
510 783 728 836 commentatus
750 784 835 835 esset.
882 775 968 850 Quae
990 785 1089 834 autern
1112 773 1143 834 in
1159 776 1268 836 lustris

302 874 332 923 et
354 862 385 924 in
407 863 478 924 vino
500 861 711 924 commentatio
734 862 831 941 potuit
861 865 945 923 esse?
981 866 1085 940 Itaque
1117 864 1264 925 omnibus

300 963 345 1012 est
366 949 455 1027 visus,
480 963 513 1012 ut
534 954 573 1012 ad
596 962 626 1012 te
641 961 728 1012 antea
750 950 860 1029 scripsi,
877 953 998 1012 vb‘mere
1013 971 1067 1011 suo
1083 972 1174 1026 more,
1193 972 1263 1013 non

301 1039 409 1101 dicere.

234 1151 276 1192 20
320 1205 322 1210 Ι
344 1130 452 1204 Quare,
478 1131 560 1207 quod
584 1127 687 1191 scribis
710 1139 739 1188 te
754 1130 912 1208 ,confidere
945 1127 1118 1190 anctoritate
1141 1139 1171 1190 et
1194 1133 1261 1191 elo·

298 1217 420 1295 quentia
444 1229 543 1280 nostra
564 1215 677 1296 aliquid
706 1218 809 1295 profici
839 1237 935 1296 posse,
967 1237 1029 1278 non
1058 1217 1140 1292 nihil,
1166 1229 1200 1278 ut
1226 1218 1262 1278 in

298 1305 388 1367 tantis
411 1307 504 1384 malis,
522 1317 566 1368 est
581 1307 758 1386 profectum.

298 1514 333 1566 30
360 1502 451 1567 giomi.
480 1501 583 1552 Arverti
611 1498 672 1566 perd
700 1503 747 1552 che

299 1574 454 1623 traducendo
465 1587 499 1620 un
513 1587 620 1622 nurnero
633 1573 747 1623 ordinale

298 1643 339 1692 col
363 1642 491 1692 cardinale
514 1643 572 1693 devi
598 1644 747 1694 diminuirlo

296 1714 323 1763 di
342 1712 470 1776 un'unitd,
490 1731 517 1764 se
530 1715 614 1763 indica
629 1716 718 1764 durata
731 1730 746 1763 0

296 1786 440 1837 estensione
456 1785 483 1834 di
497 1792 596 1852 temp03
616 1783 708 1851 perche
720 1787 747 1835 lo

295 1856 410 1907 scrittore
429 1857 509 1906 latino
528 1857 554 1905 in
573 1864 664 1923 questo
688 1873 746 1907 caso

295 1935 416 1992 computa
428 1928 470 1979 nel
484 1943 591 1978 numero
603 1928 672 1992 degli
685 1929 746 1977 anni

294 1999 375 2048 anche
393 1999 480 2048 l'anno
498 1999 525 2047 in
544 2014 623 2047 corso.
646 1997 698 2048 cfr.
719 1999 744 2050 S.

294 2069 324 2117 L.
345 2070 376 2118 G.
396 2069 429 2133 11,
453 2068 509 2129 182,
530 2069 546 2117 6
565 2086 579 2119 e
598 2073 654 2127 XX,
675 2083 717 2133 32.

332 2154 371 2189 12.
391 2143 422 2191 P.
442 2141 564 2190 Servilio:
582 2140 675 2188 Publio
688 2141 744 2190 Ser·

293 2211 362 2271 vilio,
392 2210 463 2277 figlio
487 2211 676 2270 dell'lsaurico,
702 2229 744 2262 era

293 2288 358 2332 stato
377 2282 480 2334 console
498 2297 547 2330 con
560 2279 652 2332 Cesare
664 2283 689 2330 al
702 2284 743 2332 cui

292 2355 385 2419 partito
404 2355 431 2404 iu
445 2369 544 2418 sempre
557 2353 628 2418 ligio.
645 2353 695 2403 Nel
707 2367 741 2418 43

291 2431 366 2476 stette
385 2433 473 2476 contro
491 2425 605 2474 Antonio
630 2440 678 2474 con
701 2426 742 2477 Ci-

292 2512 392 2559 cerone,
412 2497 524 2547 sebbene
542 2503 657 2562 aquesto
676 2512 742 2546 sem·

290 2567 376 2618 brasse
408 2575 498 2634 troppo
530 2566 607 2617 fiacco
639 2584 653 2618 e
680 2568 741 2618 mite

289 2652 362 2687 verso
380 2638 538 2689 l'avversario

329 2722 368 2772 13.
386 2710 532 2775 glrdiator:
545 2709 739 2770 aceoltellatore,

290 2779 386 2829 riferito
405 2780 438 2829 ad
456 2779 576 2830 Antonio.

328 2863 367 2912 14.
381 2852 490 2915 putavit
505 2871 540 2892 =
558 2852 678 2916 speravit.

328 2929 368 2984 15.
396 2922 425 2969 in
448 2922 511 2970 villa
529 2921 642 2972 Metelli:
670 2921 739 2972 nella

271 2989 351 3040 'villa
369 2991 395 3040 di
413 2991 526 3053 Metello,
546 2993 592 3042 che
611 3009 653 3043 era
665 3011 680 3042 a
692 2993 738 3042 Ti·

289 3062 348 3111 voli.
364 3062 462 3125 Questo
474 3063 581 3114 Metello
591 3059 605 3112 ὲ
617 3063 738 3130 Scipione

288 3133 403 3191 Metello,
412 3148 518 3182 suocero
528 3135 553 3184 di
561 3135 737 3201 Pompe05che

288 3203 354 3254 ebbe
372 3203 407 3253 tal
426 3218 501 3254 nome
519 3202 611 3270 perche
623 3207 737 3256 adottato

287 3275 320 3323 da
339 3275 371 3338 Q.
396 3274 502 3324 Metello
527 3276 581 3336 Pio,
604 3275 676 3341 figlio
694 3277 737 3328 del

286 3345 433 3395 Numidico.
461 3343 585 3412 Dopoche
612 3347 736 3398 Cicerone

285 3417 310 3466 ai
329 3417 380 3467 due
397 3417 424 3467 di
442 3418 578 3468 settembre
597 3419 662 3469 ebbe
677 3435 734 3485 pro·

285 3489 405 3538 nunziato
435 3488 461 3538 la
491 3489 573 3555 prima
608 3490 735 3556 Filippica

283 3566 373 3608 contro
385 3560 505 3620 Antonio,
520 3559 602 3627 questi
614 3561 636 3610 si
652 3562 734 3612 ritras·

280 3643 313 3679 se
332 3631 399 3680 nella
417 3631 487 3682 detta
511 3632 571 3682 villa
595 3649 642 3698 per
665 3648 733 3682 com·

803 1305 952 1385 Intellegit
973 1305 1052 1366 enim
1068 1309 1196 1385 populus
1215 1310 1257 1368 R.

801 1499 873 1567 porri
901 1516 952 1549 una
978 1500 1092 1566 risposta.
1121 1500 1258 1553 Trascorsi

801 1573 845 1638 poi
866 1581 896 1634 17
916 1571 1007 1636 giorni,
1027 1571 1095 1622 nella
1121 1587 1166 1620 sua
1190 1589 1257 1637 qua·

793 1640 846 1692 lit'a
864 1643 890 1690 di
909 1641 1020 1692 Console
1045 1639 1157 1692 convocb
1175 1643 1193 1690 il
1213 1661 1257 1694 se·

800 1721 860 1763 nato
890 1711 1026 1777 (Cicerone
1055 1729 1100 1778 per
1124 1714 1257 1777 consiglio

799 1785 869 1849 degli
886 1785 962 1834 amici
981 1799 1033 1833 non
1051 1785 1198 1834 intervenne
1213 1786 1255 1835 al-

799 1855 967 1920 l'adunanza),
995 1856 1027 1905 ed
1046 1855 1080 1904 ivi
1106 1854 1257 1921 pronunzib

799 1935 888 1977 contro
911 1926 1070 1976 l'avversario
1098 1927 1185 1992 quella
1210 1928 1254 1977 fu·

799 1999 865 2049 riosa
883 1998 1004 2048 invettiva
1023 1998 1069 2047 che
1088 2013 1148 2046 avea
1167 2000 1252 2048 medi·

798 2076 849 2119 tata
861 2069 930 2118 nella
943 2069 1002 2118 villa
1014 2067 1158 2127 Tiburtina,
1173 2085 1254 2120 accu-

797 2141 903 2190 sandolo
921 2138 1020 2206 perfino
1038 2140 1064 2188 di
1083 2155 1165 2190 essere
1180 2148 1253 2192 stato

797 2212 822 2260 la
841 2227 916 2260 causa
934 2211 1002 2260 della
1023 2225 1113 2274 guerra
1138 2210 1213 2260 civile
1234 2229 1250 2263 e

796 2283 865 2333 della
887 2281 1015 2332 occisione
1043 2281 1069 2330 di
1097 2280 1196 2331 Cesare.
1224 2284 1249 2332 11

795 2354 886 2418 giorno
913 2359 1035 2418 seguente
1062 2351 1186 2402 Cicerone
1207 2353 1250 2417 gli

795 2425 893 2491 rispose
910 2425 976 2474 colla
988 2425 1098 2474 seconde
1109 2423 1246 2490 Filippica,

795 2496 814 2546 il
834 2491 879 2561 piir
892 2495 1028 2562 eloquente
1041 2496 1072 2544 ed
1085 2495 1250 2546 ammirabile

794 2567 836 2618 dei
854 2567 936 2616 libelli
955 2567 1001 2617 che
1020 2567 1091 2616 siano
1110 2566 1161 2614 mai
1186 2569 1248 2618 stati

793 2638 882 2688 scritti.

832 2707 871 2759 18.
889 2724 996 2758 vomere.
1010 2708 1112 2759 Avverti
1124 2707 1150 2757 la
1162 2725 1248 2774 sprez·

792 2787 873 2842 zante,
884 2797 925 2828 ma
941 2781 1103 2845 appropriata
1120 2780 1248 2832 rnetafora

793 2852 819 2900 di
838 2853 928 2918 questo
947 2850 1055 2901 infinito.

828 2935 870 2971 20.
890 2923 962 2986 quod
983 2924 1088 2972 scribis:
1112 2929 1208 2988 quanto
1228 2940 1245 2972 a

791 2994 879 3059 quello
898 2993 945 3045 che
963 2994 1046 3044 scrivi.
1062 2993 1171 3043 Dinanzi
1190 2993 1242 3043 alla

791 3064 968 3130 proposizione
1008 3064 1149 3130 principale
1185 3081 1244 3130 pre·

791 3135 872 3197 metti,
900 3136 1062 3196 traducendo,
1090 3137 1115 3185 la
1142 3151 1241 3200 espres·

790 3206 861 3257 sione
888 3227 900 3251 ι
920 3207 994 3272 sappi
1019 3207 1066 3258 che
1088 3225 1099 3250 ι
1120 3206 1145 3256 la
1163 3206 1243 3272 quale

790 3278 811 3328 si
829 3294 874 3328 usa
900 3294 987 3344 spesso
1011 3293 1060 3327 con
1085 3278 1164 3327 molta
1189 3277 1241 3326 ele·

788 3365 869 3414 ganza
896 3349 999 3416 quando
1018 3350 1044 3399 la
1061 3348 1242 3415 proposiaione

789 3436 838 3470 con
856 3422 928 3485 quod
943 3421 970 3470 in
988 3435 1062 3470 senso
1080 3419 1147 3470 reale
1160 3414 1174 3468 ὲ
1187 3420 1241 3468 col·

788 3490 870 3542 locata
888 3492 971 3558 prima
989 3492 1057 3542 della
1075 3490 1223 3558 principale.

825 3575 866 3612 21.
886 3563 962 3612 utin
980 3563 1060 3613 tantis
1085 3561 1175 3610 rnalis:
1200 3569 1239 3611 at-

788 3641 841 3684 tesa
859 3635 883 3684 la
901 3649 1019 3700 gravezza
1037 3633 1078 3684 dei
1094 3633 1164 3683 mali.
