2788 4286
695 337 729 378 M.
753 337 783 380 Τ.
808 337 972 382 CICERONIS

616 605 697 663 XVI.
722 599 777 682 (ad
794 605 884 666 Fam.
906 607 973 679 Vll,
1003 605 1042 683 1).

385 763 506 813 Descrive
524 762 560 828 gli
579 761 711 826 spettacoli
729 763 776 812 che
798 763 919 828 Pompeo‚
945 765 1048 814 console
1076 763 1166 829 peria
1195 765 1299 816 seconde

351 835 425 893 volta,
445 835 519 884 diede
539 833 737 896 inaugurandosi
756 849 791 882 un
812 839 892 884 teatro
911 835 998 885 dolui
1019 836 1179 895 fabbricato;
1210 853 1251 885 ma
1271 851 1300 885 ne

351 913 454 955 attenua
472 904 652 970 l'importanza
670 920 715 968 per
734 905 810 953 modo
828 906 875 954 che
893 905 975 955 Mario
1000 922 1051 956 non
1070 907 1092 956 si
1110 907 1206 957 chiami
1231 923 1298 956 scon-

349 983 420 1025 tento
438 976 464 1025 di
483 991 535 1024 non
554 974 645 1024 esservi
663 974 831 1025 intervenuto.
860 975 951 1025 Scritta
981 978 1007 1026 in
1030 979 1115 1026 Roma
1138 978 1300 1028 nell'ottobre

348 1047 392 1097 del
411 1047 462 1109 699
477 1046 543 1111 (55)-

566 1207 601 1256 M.
623 1205 751 1258 crcnno
771 1205 796 1255 s
815 1206 848 1254 o.
867 1208 903 1257 M.
924 1209 1038 1258 Mauro
1056 1205 1098 1274 (u.

394 1349 426 1409 Si
453 1360 483 1409 te
512 1351 598 1410 dolor
627 1348 717 1426 aliqui
744 1349 877 1428 corporis
905 1363 957 1410 aut
986 1351 1139 1412 infirmitas
1162 1351 1302 1412 valetudi-

349 1438 396 1498 nis
418 1449 487 1498 tuae
511 1437 616 1510 tenuit,
641 1458 701 1517 quo
724 1437 883 1499 minusad
909 1440 998 1500 ludos
1019 1440 1145 1515 venires,
1169 1444 1301 1501 fortunae

349 1527 443 1604 magis
465 1526 563 1587 tribuo
585 1546 675 1602 quam
692 1526 854 1604 sapientiae
877 1538 966 1604 tnae;
1007 1528 1052 1589 sin
1068 1531 1150 1602 haec,
1168 1548 1242 1608 quae
1257 1548 1301 1590 ce·

349 1615 404 1674 teri
426 1615 577 1688 mirantur,
602 1617 823 1676 contemnenda
846 1616 954 1677 duxisti
983 1627 1021 1689 et,
1047 1639 1116 1678 cum
1144 1638 1197 1697 per
1225 1620 1301 1676 vale·

307 1721 322 1779 5
349 1703 485 1764 tudinem
507 1723 617 1782 posses
634 1705 736 1764 venire
753 1713 854 1764 tamen
877 1706 1007 1778 noluisti,
1025 1717 1184 1786 utrumque
1198 1708 1298 1778 laetor,

349 1805 379 1852 et
402 1793 465 1867 sine
489 1795 592 1853 dolore
607 1791 737 1871 corporis
761 1801 790 1850 te
813 1792 901 1852 fuisse
918 1805 948 1854 et
962 1794 1063 1855 auimo
1078 1795 1212 1869 valuisse,
1232 1815 1301 1856 cum

349 1901 392 1954 ea,
417 1902 494 1960 quae
517 1881 579 1942 sine
603 1902 690 1942 causa
712 1879 854 1941 mirantur
876 1881 935 1954 alii,
960 1883 1133 1962 neglexeris,
1152 1885 1243 1945 modo
1267 1893 1300 1942 ut

348 1969 402 2029 tibi
424 1971 587 2031 constiterit
610 1972 719 2031 fructus
748 1969 801 2029 otii
823 1968 888 2046 tui;
927 1991 987 2049 quo
1010 1973 1133 2050 quidem
1155 1973 1210 2034 tibi
1236 1992 1302 2051 per·

347 2059 403 2118 frui
426 2059 548 2120 mirifice
570 2059 661 2131 licuit,
686 2079 755 2120 cum
779 2078 858 2118 esses
873 2059 905 2120 in
927 2061 983 2120 ista
1002 2063 1183 2123 amoenitate
1207 2080 1304 2140 paene

286 2166 322 2204 ro
347 2149 427 2207 solus
449 2148 576 2210 relictus.
627 2151 732 2226 Neque
756 2157 856 2208 tamen
886 2149 1000 2223 dubito,
1025 2150 1097 2227 quin
1128 2162 1161 2211 tu
1185 2150 1215 2210 in
1248 2150 1301 2210 illo

348 2235 485 2298 cubiculo
508 2247 569 2309 tuo,
595 2256 631 2296 ex
653 2257 713 2314 quo
736 2236 791 2297 tibi
814 2237 989 2298 Stabianum
1012 2240 1166 2317 perforasti
1189 2250 1218 2300 et
1252 2258 1305 2318 pa·

381 2461 414 2530 (*)
432 2464 639 2516 Probabilmente
656 2462 670 2514 ὲ
688 2467 725 2516 Μ
738 2467 793 2516 Ma-

346 2537 384 2586 rio
399 2537 549 2586 Gratidiano
559 2537 591 2586 da
599 2537 705 2602 Arpino,
717 2552 795 2586 nomo

345 2609 372 2656 di
391 2609 480 2674 spirito
499 2618 596 2672 arguto,
622 2609 669 2658 che
693 2609 720 2657 fu
740 2609 795 2657 luo·

345 2687 482 2743 gotenente
507 2680 534 2728 di
560 2679 591 2742 Q.
617 2677 740 2729 Cicerone
767 2680 795 2728 iu

846 2467 896 2516 due
921 2467 1010 2517 classi:
1035 2467 1112 2516 l'una
1144 2469 1230 2535 quella
1260 2470 1305 2520 dei

847 2539 947 2598 scenici,
968 2539 1055 2604 quella
1071 2539 1113 2589 dei
1127 2541 1234 2591 circensi
1247 2540 1305 2590 l'al·

848 2615 893 2660 tra.
1154 2619 1155 2624 ’

882 2695 906 2742 4.
927 2689 958 2738 et,
979 2697 1036 2730 cum
1050 2689 1101 2745 per
1124 2683 1307 2731 valetudinem

345 2751 408 2799 Asia
435 2767 449 2800 e
477 2750 559 2799 amico
584 2750 611 2798 di
634 2751 729 2814 Marco,
754 2750 796 2798 col
843 2759 944 2817 posses:
957 2768 979 2809 e,
992 2752 1105 2802 sebbcne
1118 2754 1242 2803 tuavessi
1256 2768 1307 2818 po·

345 2821 422 2884 quale
447 2821 469 2870 si
495 2829 644 2870 manteneva
666 2822 693 2870 in
717 2821 795 2870 corri-

345 2891 498 2954 spondenza.
517 2893 580 2941 Pare
599 2892 645 2942 che
667 2892 735 2942 fosse
753 2907 794 2941 ca·

346 2961 480 3025 gionevole
499 2963 525 3010 di
545 2962 633 3012 salute.

384 3046 405 3081 1.
424 3033 509 3096 aliqui
527 3033 610 3081 indica
635 3049 670 3081 un
689 3042 794 3098 oggetto

345 3103 486 3153 solamente
516 3103 634 3166 riguardo
665 3104 715 3153 alla
748 3121 794 3154 sua

344 3172 443 3240 qualitl
454 3175 485 3223 ed
498 3170 644 3238 lpronome
654 3177 788 3239 aggerum,

346 3254 444 3295 mentre
468 3246 571 3308 aliquis,
600 3243 724 3310 pronome
752 3263 793 3296 so-

345 3317 462 3375 stantivo,
482 3316 566 3365 indica
585 3331 620 3365 un
638 3324 742 3382 oggetto
760 3318 792 3367 ri·

344 3387 443 3450 guardo
457 3388 508 3436 alla
526 3402 570 3436 sua
588 3386 748 3452 personalitl,
768 3389 793 3438 al

345 3473 393 3507 suo
411 3473 495 3507 nome.

382 3541 405 3578 2.
425 3529 524 3578 tenuit:
542 3529 671 3595 t’impedi.
697 3556 730 3566 -
752 3531 795 3579 lu·

347 3601 399 3649 dos.
418 3601 430 3648 I
449 3599 510 3659 ludi,
531 3601 556 3648 di
575 3602 616 3649 cui
637 3602 657 3650 si
677 3601 748 3666 parla
767 3602 793 3650 in

345 3678 434 3736 questa
452 3670 548 3732 lettera,
568 3688 644 3721 erano
666 3673 741 3722 divisi
766 3672 794 3721 in

847 2828 902 2871 tuto
921 2823 1020 2872 venirc'r
1033 2839 1078 2888 per
1098 2824 1124 2872 la
1143 2825 1235 2874 salute.

883 2892 907 2942 6.
931 2895 1016 2942 animo
1041 2895 1171 2944 valuisse:
1196 2895 1249 2946 che
1278 2901 1311 2944 tu

846 2963 885 3012 sia
903 2969 968 3012 stato
987 2980 1049 3013 sano
1069 2965 1096 3013 di
1114 2972 1209 3015 mente.
1225 2993 1263 3002 -
1285 2967 1309 3015 Il

847 3050 909 3082 cum.
925 3043 1047 3097 seguente
1066 3032 1080 3084 ὲ
1099 3037 1207 3086 causale.

884 3115 907 3166 7.
927 3107 999 3154 modo
1018 3115 1065 3156 ut:
1086 3104 1190 3172 purchl.
1209 3106 1243 3158 Si
1264 3127 1313 3175 ag-

846 3174 941 3239 giunge
962 3184 993 3226 ut
1020 3179 1131 3242 quando,
1156 3179 1223 3229 oltre
1257 3183 1313 3232 alla

846 3246 1003 3309 condicione,
1019 3249 1041 3298 si
1059 3245 1169 3314 esprime
1183 3265 1221 3299 un
1237 3253 1314 3304 desi·

847 3316 925 3366 derio.

882 3401 907 3448 9.
926 3406 984 3439 cum
1002 3390 1109 3442 causale.
1135 3417 1167 3428 -
1193 3393 1225 3442 in
1257 3397 1316 3448 isto

846 3461 1014 3510 amoenitate:
1032 3461 1060 3510 in
1078 3462 1181 3513 codesta
1196 3469 1251 3516 tua
1265 3469 1316 3519 de·

846 3529 934 3580 liziosa
952 3531 1019 3582 villa.

884 3613 923 3652 11.
943 3618 975 3650 ex
993 3619 1043 3666 quo
1065 3604 1112 3652 tibi
1133 3620 1202 3656 ece:
1237 3609 1320 3662 dalla

847 3671 922 3736 quale
942 3673 962 3721 ti
980 3673 1017 3723 sei
1035 3675 1191 3738 procacciata
1221 3679 1254 3730 la
1275 3684 1319 3733 vi·
