2788 4286
359 346 397 403 70
670 344 729 414 vst.
753 343 783 386 r.
807 339 969 384 crcrrours

289 493 329 548 30
353 467 519 530 lectationis
534 470 646 528 habent
661 467 791 529 sexcenti
813 467 886 529 muli
908 468 940 528 in
965 469 1227 547 ‘Clytaemnestra'
1248 479 1292 527 aut
1358 455 1360 510 i

354 559 385 618 in
422 561 520 636 ‘Equo
543 557 688 618 Troiano'
724 568 917 618 creterrarum
939 555 995 618 tria
1025 557 1106 617 milia
1135 567 1186 617 aut
1211 577 1291 616 arma-
1358 567 1360 638 ᾗ

354 659 420 708 tura
453 647 533 707 varia
566 645 713 724 peditatus
747 658 777 706 et
810 645 956 724 equitatus
988 644 1020 705 in
1051 646 1151 724 aliqua
1182 648 1295 724 pugna?

354 755 431 814 qnae
452 738 626 814 popularem
642 735 867 796 admirationem
883 737 1061 810 habuerunt,
1079 735 1294 796 delectationem
1358 779 1360 784 ,

354 824 410 885 tibi
432 826 545 885 nullam
567 823 743 884 attulissent.
790 825 881 901 Quod
900 823 923 884 si
947 836 979 884 tn
1001 843 1054 902 per
1077 844 1127 884 eos
1150 823 1214 883 dies
1236 842 1296 902 ope·
1358 839 1360 902 j

290 933 328 992 35
354 935 418 974 ram
441 913 549 974 dedisti
573 912 731 990 Protogeni
753 923 814 987 tuo,
838 913 911 973 dum
938 914 1031 974 modo
1062 911 1086 974 is
1108 911 1163 971 tibi
1190 911 1296 990 quidvis

354 1002 452 1081 potius
476 1021 566 1079 quam
589 1001 737 1062 orationes
760 1021 841 1062 meas
868 1001 980 1080 legerit,
1005 1011 1099 1061 netu
1122 1002 1203 1061 haud
1218 1003 1297 1079 paulo

353 1094 517 1170 plusquam
529 1089 683 1168 quisquam
696 1101 830 1152 nostrum
839 1091 1044 1152 delectationis
1055 1089 1194 1150 habuisti.
1237 1092 1297 1149 Non

354 1180 435 1240 enim
465 1191 494 1240 te
522 1190 595 1257 puto
630 1182 760 1240 Graecos
793 1189 845 1239 aut
873 1181 967 1258 Oscos
997 1181 1085 1240 ludos
1114 1178 1295 1250 desiderasse,

354 1269 524 1348 praesertim
553 1289 621 1329 cum
653 1270 747 1329 Oscos
773 1270 821 1327 vel
852 1267 883 1327 in
910 1279 1015 1328 senatu
1043 1279 1141 1328 vestro
1176 1278 1296 1346 spectare

288 1379 330 1431 40
354 1357 459 1437 possis,
484 1360 615 1418 Graecos
637 1356 678 1416 ita
700 1377 762 1418 non
784 1377 873 1431 ames,
899 1368 985 1418 utne
1007 1358 1046 1416 ad
1061 1357 1162 1416 villam
1185 1356 1296 1434 quidem

353 1458 435 1507 tuam
458 1446 505 1505 via
529 1448 643 1506 Graeca
664 1445 706 1505 ire
730 1448 834 1506 soleas
885 1449 962 1506 Nam
986 1446 1059 1522 quid
1082 1465 1137 1524 ego
1160 1456 1190 1505 te
1216 1447 1296 1504 athle-

354 1545 399 1594 tas
422 1545 525 1612 putem
548 1534 725 1607 desiderare,
744 1533 796 1612 qui
806 1533 983 1612 gladiatores
1000 1534 1237 1612 contempseris?
1271 1532 1296 1591 iu
1359 1611 1360 1616 ἵ

355 1622 463 1700 quibus
484 1623 548 1701 ipse
564 1623 723 1700 Pompeius
745 1626 903 1684 confitetur
918 1644 949 1684 se
972 1634 1002 1684 et
1025 1642 1147 1701 operam
1162 1633 1192 1683 et
1208 1624 1296 1683 oleum
1359 1623 1360 1664 l

392 1849 434 1900 30.
453 1839 567 1886 sexcenti
580 1853 625 1901 per
637 1837 749 1886 indicare
768 1853 804 1885 un

354 1903 461 1956 numero
486 1908 662 1971 grandissimo.
688 1935 719 1943 -
747 1907 804 1972 Cly·

354 1985 516 2028 toemnestro.
534 1979 649 2028 Secondo
662 1979 749 2028 Nonio
762 1995 805 2028 era

354 2057 445 2114 questa
464 2048 488 2096 la
506 2050 619 2112 tragedia
637 2050 663 2098 di
683 2050 768 2098 Accio.
791 2049 804 2098 1

356 2119 420 2168 muli
438 2126 577 2184 portavano
598 2121 617 2169 il
639 2121 739 2169 bottino
758 2121 805 2170 che

354 2192 539 2253 Agamennone
580 2207 641 2240 aven
677 2191 740 2240 fatto
777 2190 804 2240 in

356 2261 443 2310 Troia.
673 2259 675 2264 ’

391 2345 434 2395 31.
455 2333 532 2396 Equo
548 2334 671 2392 Troiano,
691 2333 806 2398 tragedia

355 2403 381 2451 di
400 2403 475 2451 Livio
487 2404 641 2453 Andronico.
660 2429 692 2442 -
712 2413 804 2453 creter-

354 2491 447 2523 rarum
466 2495 501 2515 =
519 2483 699 2524 craterarum:
719 2483 793 2526 tazze.

391 2559 433 2610 34.
455 2547 579 2607 Quodsi:
598 2547 644 2596 che
657 2561 690 2596 se.
705 2545 757 2595 Cir.
771 2546 804 2606 ΙΙ,

356 2629 388 2680 ²3

391 2653 432 2752 ἐς.
446 2690 587 2756 Protogeni
598 2697 648 2738 tuo.
661 2689 805 2752 Protogene

355 2775 397 2807 era
416 2759 483 2809 forse
501 2760 520 2808 il
539 2761 628 2810 lettore
640 2760 667 2808 di
686 2760 775 2808 Mario.
793 2760 805 2809 I

354 2829 432 2878 ricchi
443 2823 547 2889 romani,
556 2832 602 2880 che
612 2832 633 2880 si
642 2845 804 2896 occupavano

354 2899 381 2948 di
401 2900 553 2961 letteratura‚
570 2911 692 2952 tenevano
705 2917 741 2950 un
758 2901 805 2951 let-

356 2976 418 3020 tore.

391 3041 434 3105 36.
453 3057 502 3090 nc:
520 3051 681 3094 certamente.

392 3111 434 3176 38.
453 3112 560 3162 Graecos
572 3123 620 3163 aut
635 3115 710 3164 Oscos
723 3115 804 3164 ludos.

355 3185 470 3249 Pompeo
489 3182 543 3233 fece
569 3194 759 3250 rnppresentare
779 3185 805 3234 in

327 3297 330 3304 ,
355 3262 446 3320 questa
464 3254 616 3304 circostanza
632 3256 773 3306 commedio
792 3273 806 3306 e

357 3326 470 3388 tragedie
489 3325 516 3374 in
540 3326 640 3386 Latino,
666 3328 748 3378 Greco
774 3328 806 3376 ed

357 3395 431 3446 Osco.
442 3399 479 3448 Le
492 3398 634 3447 commedie
644 3399 719 3448 osche
730 3414 806 3448 erano

356 3467 382 3517 le
401 3467 525 3527 Atellano.
544 3468 570 3517 in
584 3469 624 3517 cui
637 3469 807 3518 dominavano

356 3539 366 3587 i
379 3537 449 3587 frizai
461 3539 573 3589 mordaci
592 3556 606 3589 e
619 3557 669 3589 una
682 3547 750 3590 certa
768 3557 806 3589 ar·

356 3609 432 3676 gnzia
450 3611 529 3660 ardita
549 3627 563 3660 e
581 3612 720 3678 petulante.

858 1843 931 1885 natu.
956 1835 1051 1884 Allude
1079 1834 1297 1884 scherzevolmente

858 1907 882 1954 al
901 1905 995 1956 Sennto
1014 1906 1151 1970 d'Arpino,
1169 1906 1233 1954 dove
1250 1905 1297 1952 Ma-

858 1977 896 2026 rio
909 1985 1000 2042 potera
1013 1978 1128 2026 assistere
1139 1993 1154 2025 a
1166 1975 1299 2025 commedie

858 2049 942 2108 osche¹
960 2043 1052 2114 perche
1071 2047 1096 2096 la
1108 2047 1198 2111 lingua
1215 2047 1240 2095 di
1252 2043 1301 2096 coll

859 2121 1019 2186 partecipava
1031 2119 1090 2169 dell'
1099 2117 1172 2178 Osca,
1193 2125 1269 2168 attesa
1279 2118 1301 2165 la

858 2190 989 2240 vicinanza
1009 2204 1058 2238 con
1085 2189 1172 2254 quella
1195 2189 1300 2252 regione.

859 2261 903 2312 Gli
936 2261 1003 2324 Osci,
1026 2260 1116 2326 popoli
1140 2260 1208 2310 della
1234 2259 1303 2308 Cam·

858 2333 941 2398 pania,
961 2332 1064 2398 quando
1079 2331 1216 2397 parlavano
1233 2332 1259 2380 in
1271 2330 1302 2377 la·
1358 2369 1359 2398 .

859 2404 920 2462 tino,
940 2403 1101 2468 storpiavano
1120 2403 1144 2452 le
1164 2403 1220 2452 voci
1239 2419 1252 2452 e
1270 2401 1304 2448 ia·
1358 2403 1359 2476 l

859 2489 954 2523 cevano
966 2470 1053 2540 percio
1066 2474 1148 2525 ridere
1163 2475 1171 2521 i
1188 2471 1301 2522 Romani.

894 2559 937 2607 41.
951 2547 994 2594 vio
1011 2545 1109 2593 Graeco
1118 2561 1161 2594 era
1173 2561 1224 2593 una
1237 2549 1303 2610 parte

859 2617 885 2667 di
904 2617 944 2666 via
962 2616 1084 2680 pubblica
1102 2616 1149 2665 che
1165 2616 1247 2665 Mario
1264 2629 1305 2662 an·

859 2688 943 2737 dando
952 2687 1003 2736 alla
1012 2703 1058 2736 sua
1070 2686 1131 2736 villa
1144 2687 1241 2736 evitata
1254 2700 1306 2751 per·

859 2754 906 2810 che
926 2758 1068 2807 incomoda.
1088 2757 1213 2808 Cicerone
1225 2758 1307 2807 scher-

859 2830 939 2879 zando
957 2829 1095 2894 interprete
1114 2825 1154 2878 oid
1177 2845 1250 2878 come
1268 2843 1306 2876 av·

858 2902 973 2952 versione
992 2900 1018 2948 di
1037 2900 1119 2948 Mario
1138 2901 1181 2964 pei
1201 2898 1284 2951 Greci.

893 2984 936 3034 42.
950 2973 1003 3035 qui,
1021 2971 1061 3020 col
1074 2972 1241 3036 congiuntivo
1254 2984 1308 3035 per·
1357 3023 1358 3030 χ

859 3037 906 3092 che
918 3042 1026 3092 causale.
1042 3068 1076 3077 -
1087 3042 1254 3107 gladiatores,
1274 3039 1308 3088 ol·
1357 3069 1358 3074 ,

859 3123 896 3164 tre
918 3114 943 3163 al
961 3107 1105 3177 significato
1128 3113 1154 3162 di
1181 3133 1193 3158 ι
1215 3111 1310 3178 gladia-

860 3185 908 3234 tori
930 3203 941 3227 »
958 3201 1036 3234 aveva
1053 3184 1142 3233 l'altro
1155 3183 1182 3232 di
1204 3205 1215 3227 ι
1232 3197 1311 3233 assas-

860 3257 916 3314 sini,
930 3255 1030 3305 banditi
1051 3270 1079 3314 ·;
1099 3256 1166 3305 forse
1185 3249 1200 3303 ὲ
1219 3255 1267 3320 qui
1286 3267 1311 3299 u·

860 3334 914 3377 sato
933 3328 976 3377 nel
993 3327 1104 3376 secondo
1117 3326 1258 3376 alludendo
1271 3322 1313 3372 ct-

860 3413 950 3449 cerone
972 3414 987 3446 a
1006 3397 1097 3450 Clodio
1122 3415 1136 3448 e
1154 3398 1176 3447 a'
1197 3396 1256 3447 suoi
1281 3393 1314 3443 si-

860 3470 919 3520 cari.

895 3553 938 3603 43.
958 3548 983 3589 et
999 3547 1103 3603 operam
1121 3546 1146 3589 et
1156 3540 1242 3588 oleum
1252 3546 1314 3602 per·

860 3612 969 3660 didisse:
979 3611 1005 3660 di
1015 3627 1074 3660 aver
1082 3609 1190 3676 perduto
1202 3609 1221 3659 il
1231 3620 1313 3658 ranno

395 3694 436 3744 39.
455 3682 511 3731 vel:
531 3681 636 3748 perfino.
661 3709 694 3720 -
716 3684 745 3732 in
769 3699 807 3732 sc·
860 3682 893 3732 ed
911 3682 930 3731 il
949 3697 1053 3748 sapone.
1356 3683 1357 3736 t
