2786 4280
297 252 316 309 8

635 264 668 310 u.
692 265 721 306 r.
746 263 907 320 mannonis

297 390 427 450 iucunda
449 399 526 449 esset
547 388 739 464 multitudini,
762 388 849 456 bonis
871 399 969 450 autem
991 389 1033 450 ita
1055 394 1187 467 molesta,
1211 405 1252 455 ut

256 499 272 560 5
297 490 398 540 tamen
421 477 484 539 sine
506 477 637 557 pernicie
649 496 657 554 ;
696 497 776 540 nunc
797 489 920 555 repente
942 487 1025 548 tauto
1049 479 1080 540 in
1109 482 1178 542 odio
1199 493 1247 543 est

299 565 445 642 omnibus,
469 577 502 627 ut
518 587 644 647 quorsus
659 576 798 645 eruptura
817 567 862 640 sit,
879 568 1060 631 horreamus.
1099 573 1177 630 Nam
1191 571 1244 632 ira-

298 655 436 718 cundiam
459 667 548 735 atque
571 655 827 734 intemperantiam
851 655 968 716 illorum
998 676 1099 718 sumus
1120 660 1244 738 experti,

299 743 351 823 qui
373 745 480 807 Catoni
502 744 567 806 irati
585 744 685 806 omnia
707 743 909 823 perdiderunt,
926 746 979 805 sed
1001 744 1043 806 ita
1060 747 1177 809 lenibus
1201 749 1248 810 uti

298 833 475 896 videbantur
497 833 628 905 venenis,
651 843 684 895 ut
705 853 792 912 posse
807 832 976 894 videremur
991 834 1054 895 sine
1077 837 1180 897 dolore
1202 836 1251 898 iu·

237 913 283 984 ro*
298 921 385 985 terite
398 941 406 1000 3
445 943 526 984 nuuc
540 942 611 984 vero
626 921 719 982 sibilis
733 921 822 1000 vulgi,
838 922 1025 986 sermonibus
1042 925 1244 1000 honestorum,

298 1011 416 1075 fremitu
438 1009 540 1072 Italiae
562 1030 665 1072 vereor
695 1029 733 1070 ne
757 1009 927 1072 exarserint.
971 1011 1119 1090 Equidem
1149 1034 1253 1093 spera·-

296 1105 377 1177 bam,
400 1111 434 1161 ut
456 1119 545 1179 saepe
567 1099 656 1161 etiam
678 1097 760 1177 loqui
788 1097 887 1160 tecum
911 1101 1051 1175 solebam,
1076 1101 1119 1163 sic
1140 1105 1246 1165 orbem

298 1188 498 1269 reipublicae
522 1207 586 1250 esse
615 1205 800 1262 conversum,
832 1198 865 1248 ut
894 1187 943 1247 vix
970 1189 1099 1251 sonitum
1131 1191 1251 1268 audire,¹

298 1280 348 1340 vix
369 1278 542 1357 impressam
558 1275 684 1340 orbitam
702 1275 803 1337 videre
818 1293 991 1354 possemus;
1029 1288 1059 1339 et
1074 1279 1176 1342 fuisset
1194 1281 1249 1358 ita„

235 1383 271 1447 15
297 1368 321 1431 si
344 1367 481 1430 homines
502 1366 657 1428 transitum
682 1364 864 1444 tempestatis
887 1375 1041 1444 expectare
1070 1369 1246 1447 potuissent.

297 1458 367 1531 Sed,
392 1475 460 1522 cum
484 1453 535 1516 diu
558 1456 674 1518 occulte
697 1453 900 1532 suspirassent,
916 1465 1020 1533 postea
1034 1455 1093 1517 iam
1115 1478 1252 1536 gemere,

297 1547 337 1606 ad
359 1555 524 1606 extremum
546 1563 617 1604 vero
639 1542 721 1622 loqui
743 1562 847 1604 omnes
870 1553 900 1604 et
925 1545 1052 1606 clamare
1074 1558 1248 1625 coeperunt.

296 1636 401 1712 Itaque
423 1633 473 1694 ille
496 1632 607 1694 amicus
630 1643 730 1694 noster
752 1631 883 1692 insolens
904 1631 1051 1708 infamiae,
1075 1655 1192 1714 semper
1215 1637 1251 1697 in

296 1725 385 1784 laude
407 1731 547 1797 versatus,
571 1721 776 1784 circumfluens
798 1720 899 1799 gloria,
916 1723 1096 1784 deformatus
1111 1745 1246 1803 corpore,

232 1829 272 1870 ao
296 1814 405 1874 fractus
437 1810 546 1886 animo,
578 1830 639 1890 quo
668 1830 700 1871 se
727 1811 868 1885 conferat,
899 1808 1013 1887 uescit;
1058 1823 1256 1891 progressum.

331 2041 355 2092 6.
369 2057 480 2105 quorsus
493 2047 620 2104 eruptura
633 2040 674 2098 sit,
684 2040 742 2088 dor-

293 2127 397 2162 reomus
408 2130 417 2162 :
444 2110 592 2161 inorridisco
611 2110 742 2176 pensando

294 2183 359 2233 dove
378 2179 456 2232 andra
474 2199 489 2232 a
507 2181 646 2248 scoppiare.

330 2251 354 2304 8.
386 2254 479 2303 Catoni
507 2255 578 2302 irati.
604 2253 699 2304 Allude
726 2269 741 2302 a

294 2323 386 2376 Cesare
405 2340 419 2375 e
438 2325 551 2390 Pompeo
575 2324 584 2372 i
609 2323 679 2390 quali
698 2324 742 2374 do-

293 2402 389 2446 vettero
413 2398 567 2446 ricorrerea
591 2395 669 2445 mezzi
689 2395 742 2445 vio·
771 2417 774 2421 ·

293 2467 356 2520 lenti
381 2474 469 2518 contro
494 2465 592 2517 Catone
618 2481 671 2516 nou
697 2482 743 2532 per

292 2540 434 2592 vendicarsi
458 2537 484 2588 di
512 2537 556 2602 lui,
582 2553 624 2587 ma
649 2533 742 2603 perchb

294 2611 345 2676 egli
365 2617 455 2662 tenera
476 2609 544 2660 dalla
565 2615 636 2674 parte
654 2608 681 2657 di
700 2608 742 2657 Bi·

293 2681 363 2740 bulo,
378 2696 456 2731 nomo
475 2681 501 2730 di
519 2680 616 2746 grande
634 2677 743 2730 autoriti

295 2752 326 2804 ed
344 2752 424 2802 anche
443 2753 507 2801 assai
522 2753 640 2812 ostinato,
657 2767 671 2801 e
690 2749 742 2800 cosl

293 2830 460 2874 attraversava
478 2822 487 2870 i
502 2822 557 2874 loro
575 2822 683 2888 disegni.

332 2906 371 2943 ιο.
391 2893 470 2942 sibilis
489 2910 523 2953 v„
536 2894 693 2943 sermonibus
706 2892 739 2952 k„

192 2951 194 2958 ¹
281 2964 402 3030 fremitu
414 2965 438 3012 I.
458 2963 527 3013 Nota
545 2965 678 3014 l'asiudeto
696 2979 742 3030 per

294 3037 354 3086 dare
384 3031 491 3084 vivacitb
521 3035 562 3084 all'
576 3035 741 3100 espressione.

293 3105 347 3158 Cfr.
366 3105 391 3156 S.
410 3106 440 3155 L.
460 3106 490 3156 G.
509 3107 530 3170 I,
550 3118 591 3168 71,
614 3118 653 3167 ¹9·

333 3190 372 3227 11.
391 3193 423 3226 ne
442 3178 603 3227 exarserint:
628 3191 680 3225 nou
698 3178 742 3226 ab·

292 3246 370 3298 biano
390 3265 404 3296 a
423 3248 568 3314 dirumpare
587 3247 614 3296 di
637 3248 741 3312 sdegno.

333 3331 373 3368 12.
392 3321 475 3367 orbem
501 3320 542 3368 rei
555 3319 672 3383 publicae
691 3334 741 3368 ecc.

294 3390 392 3453 Questa
409 3389 532 3440 metatura
551 3385 565 3438 ὲ
582 3389 645 3439 tolta
662 3389 743 3438 daun

293 3460 386 3525 giuoco
399 3461 445 3510 che
464 3460 472 3508 i
491 3459 565 3510 Greci
578 3459 743 3520 chiamavano

292 3527 474 3596 κρικηλασίαν,
499 3546 513 3582 e
539 3531 680 3586 consisteva
701 3529 743 3579 nel

292 3601 332 3654 sar
353 3609 434 3654 rotare
453 3617 487 3651 un
509 3602 608 3653 cerchio
632 3601 659 3652 di
677 3600 743 3652 ferro

797 2039 898 2089 intorno
917 2039 946 2088 al·
959 2040 1035 2106 quale
1048 2048 1151 2092 statano
1169 2043 1246 2094 molti

796 2110 882 2160 anelli.
901 2109 934 2160 Se
946 2110 966 2160 il
978 2111 1105 2176 giocatore
1118 2129 1161 2164 era
1178 2115 1247 2164 assai

795 2181 888 2244 destro,
914 2181 951 2246 gli
979 2183 1056 2233 anelli
1081 2183 1253 2236 rimanevano

796 2251 923 2302 immobili
960 2269 1034 2304 senza
1073 2254 1133 2305 dare
1168 2255 1249 2307 alcun

796 2337 886 2374 suono.
911 2325 1038 2375 Traduci:
1063 2325 1110 2376 che
1128 2325 1153 2375 la
1171 2334 1254 2378 ruota.

796 2393 864 2444 della
887 2396 1036 2461 repubblica
1059 2397 1081 2446 si
1105 2396 1174 2447 fosse
1190 2398 1248 2450 cosl

795 2464 897 2518 voltata.

835 2549 843 2584 ι
850 2545 873 2601 5.
904 2539 1046 2588 transitum
1073 2540 1228 2603 tempestatis
1238 2560 1255 2591 .··

796 2607 843 2658 che
861 2624 975 2674 passasse
993 2607 1018 2658 la
1037 2615 1168 2674 tempesta.

834 2678 873 2728 16.
899 2696 957 2729 cum
968 2717 974 2730 .
985 2716 991 2729 .
1002 2715 1008 2730 .
1020 2716 1026 2730 .
1053 2682 1230 2746 suspirassent
1237 2701 1255 2732 .··

795 2745 887 2870 poiche
901 2751 995 2801 ebbero
1007 2751 1138 2817 sospitato.
1151 2751 1174 2800 Il
1187 2768 1251 2802 cum

829 2821 963 2872 narnatino.

834 2890 873 2942 18.
891 2892 1004 2941 insolens
1026 2892 1166 2958 infamiae:
1191 2908 1253 2944 non.

795 2977 899 3014 avvezao
918 2962 1019 3012 adusta
1041 2963 1132 3014 cattiva
1149 2963 1255 3029 ripum·-

796 3035 875 3083 zione.
892 3059 925 3068 -
945 3042 1042 3098 semper
1059 3037 1088 3084 in
1100 3035 1177 3084 laude
1188 3051 1250 3084 uer·

795 3112 882 3154 sotus:
901 3105 1023 3170 aggiungi
1041 3113 1084 3164 est,
1108 3105 1255 3170 dividendo

796 3173 848 3225 cosi
866 3175 894 3225 in
912 3174 962 3226 due
980 3176 1005 3226 la
1024 3177 1106 3243 prima
1128 3182 1199 3242 parte
1217 3177 1247 3226 di

796 3253 886 3314 questo
904 3247 1017 3312 periodo.
1039 3247 1062 3296 Il
1085 3245 1172 3297 Cesari
1196 3254 1253 3298 tra·-

796 3319 878 3369 duce:
898 3332 997 3384 sempre
1009 3314 1089 3368 nuotd
1101 3318 1169 3369 nelle
1181 3317 1252 3368 lodi,

796 3388 905 3438 Dinanzi
923 3389 967 3454 poi
985 3406 1001 3438 a
1013 3389 1171 3453 deformatus
1189 3405 1254 3438 cor·-

792 3467 857 3524 pore
874 3460 947 3510 metti
965 3476 1000 3510 un
1020 3479 1032 3504 e
1054 3475 1098 3510 ora
1118 3478 1140 3512 ι.

833 3542 874 3580 20.
889 3538 1056 3596 progressum
1067 3531 1245 3596 praecepium,

797 3601 982 3652 inconstantem
1000 3603 1128 3653 reditum:
1146 3603 1243 3652 l'avan·
