2788 4286
321 281 361 337 94
660 276 694 318 ur.
718 275 747 320 r.
772 272 935 317 crcnnours

250 427 293 480 40
317 421 373 481 ego
396 412 425 461 te
448 401 629 478 expectabo;
667 410 708 472 tu,
729 401 812 477 quod
835 409 887 459 tuo
911 401 1071 460 commodo
1093 399 1153 472 fiat,
1181 418 1275 477 quarn

316 489 445 569 primurn
467 489 555 549 velim
578 487 687 560 venias,
720 488 794 549 sicut
820 487 953 548 intellexi
976 499 1006 547 et
1036 488 1139 548 Servio
1162 499 1195 548 et
1217 493 1278 550 Po·

318 578 442 639 stumiae
464 581 590 657 placere.
636 580 721 638 Vale.

350 803 393 852 40.
413 791 485 854 quod
499 798 543 838 tuo
561 789 687 837 commodo
703 789 765 847 fiat:
819 789 865 836 che
884 803 954 838 serve
967 805 981 836 a
993 787 1102 838 limitare
1114 788 1283 840 ildesiderio

315 857 411 926 purchd
421 876 472 910 non
484 861 504 910 ti
516 860 584 909 rechi
593 858 764 908 incommodo.
819 875 933 924 espresso
952 858 1020 909 nella
1039 859 1104 910 frase
1117 876 1199 924 quam
1214 864 1278 926 pri-

315 933 338 982 Il
350 932 516 996 congiuntivo
534 927 549 979 ὲ
567 937 631 980 retto
643 930 685 978 dal
697 931 769 994 quod
819 947 888 979 mum
907 931 982 1006 velim
1001 933 1097 980 venias.

691 1159 772 1166 n--ae--m
779 1159 897 1166 ...ω-...-

573 1399 668 1457 XXII.
693 1393 749 1474 (ad
767 1399 856 1456 Fam.
879 1398 916 1469 II,
947 1395 1006 1475 16).
1035 1461 1036 1464 Ἴ

351 1556 483 1621 Risponde
502 1573 517 1604 a
535 1554 614 1614 Celio,
628 1556 674 1605 che
690 1555 715 1604 lo
734 1571 795 1605 avea
813 1561 918 1621 pregato
937 1554 964 1602 di
984 1555 1095 1614 ritirarsi,
1114 1557 1227 1607 durante
1249 1557 1276 1607 la

316 1643 407 1692 guerra
431 1627 512 1689 civile,
532 1627 559 1675 in
583 1626 691 1692 qualche
708 1625 769 1677 cittis
788 1627 868 1676 libera
887 1625 928 1674 dai
949 1626 1058 1685 tumulti,
1079 1643 1093 1676 e
1114 1628 1141 1676 di
1160 1642 1216 1675 non
1236 1645 1279 1679 se·

316 1698 374 1762 guir
398 1698 519 1763 Pompeo.
549 1698 640 1747 Scritta
664 1698 682 1746 il
709 1713 726 1759 4
754 1698 857 1762 maggio
882 1697 924 1747 del
952 1707 1002 1761 705
1029 1697 1086 1761 (49)
1113 1698 1184 1748 nella
1210 1700 1279 1750 villa

317 1784 404 1834 presso
423 1768 512 1819 Cuma.

374 2006 376 2010 ¹
475 1948 511 1995 M.
531 1944 660 1994 cronno
677 1946 748 1997 rur.
768 1945 793 1995 s.
812 1945 845 1994 n.
865 1945 900 1993 M.
921 1943 1050 1994 curtio
1067 1942 1108 2010 ς).

359 2083 472 2166 Magno
495 2089 597 2148 dolore
620 2107 669 2147 me
690 2088 867 2148 adfecissent
889 2100 956 2148 tuae
978 2088 1101 2160 litterae,
1125 2087 1184 2148 nisi
1209 2088 1275 2150 iam

315 2190 346 2240 et
367 2176 442 2238 ratio
472 2176 536 2255 ipsa
557 2176 719 2255 depulisset
748 2197 851 2236 omnes
882 2176 1039 2250 molestias
1064 2188 1095 2237 et
1124 2176 1276 2240 diuturna

314 2264 521 2345 desperatione
553 2285 651 2325 rerum
685 2265 872 2326 obduruisset
904 2265 1021 2326 animus
1056 2266 1095 2325 ad
1128 2266 1277 2328 dolorem

314 2375 435 2418 novum.
482 2357 542 2415 Sed
568 2365 677 2426 tamen,
710 2373 800 2431 quare
823 2354 972 2429 acciderit,
997 2365 1030 2414 ut
1059 2374 1096 2413 ex
1123 2354 1198 2414 meis
1223 2375 1278 2416 su-

272 2461 289 2522 5
313 2444 478 2525 perioribus
501 2443 605 2504 litteris
628 2442 659 2503 id
689 2442 876 2521 suspicarere,
898 2444 981 2520 quod
1004 2441 1116 2516 scribis
1139 2444 1278 2506 nescio:

314 2534 387 2614 quid
410 2534 490 2595 enim
516 2533 548 2592 in
577 2532 635 2593 illis
665 2531 720 2592 fuit
749 2542 863 2610 praeter
893 2533 1044 2608 querelam
1071 2536 1275 2609 temporum?

314 2645 390 2702 quac
406 2643 469 2684 non
485 2641 585 2682 meum
607 2621 738 2681 animum
754 2619 847 2697 magis
862 2618 1020 2681 sollicitum
1035 2622 1156 2694 habent,
1177 2640 1278 2697 quam

349 2901 382 2967 (⁴)
398 2903 481 2952 Caelio
493 2903 538 2953 cfr.
551 2904 609 2962 XX,
622 2901 663 2968 (“).
676 2905 760 2968 Impe·
850 2915 874 2953 2.
893 2919 979 2952 omnes
997 2903 1138 2953 molestias:
1160 2905 1225 2968 ogni
1246 2923 1277 2955 a·

313 2983 388 3024 rator
414 2974 465 3038 pol,
485 2976 548 3025 oltre
576 2993 591 3024 a
617 2974 760 3040 significare
815 2990 933 3024 marezza.
963 3000 995 3009 -
1023 2982 1048 3024 et
1070 2975 1199 3024 diuturna
1230 2980 1274 3026 de·

315 3066 328 3090 r
356 3045 480 3095 Generale
508 3045 535 3094 in
562 3062 624 3112 capo
651 3064 663 3088 ι
693 3045 761 3096 delle
815 3047 960 3110 speratione
972 3057 1078 3095 rerum:
1098 3061 1171 3110 eper
1184 3062 1277 3098 essere

314 3117 382 3166 forze
395 3117 441 3166 che
455 3115 476 3164 si
489 3115 653 3167 destinarano
665 3117 698 3166 ad
710 3132 761 3166 una

314 3203 412 3251 guerra,
434 3203 476 3236 era
494 3187 574 3237 anche
588 3204 623 3237 un
642 3187 715 3237 titolo
735 3203 761 3237 ο·

314 3256 419 3307 notifico
429 3257 488 3306 dato
500 3257 542 3306 dai
551 3258 642 3307 soldati
652 3259 677 3307 al
687 3259 758 3317 duce,

313 3329 360 3378 che
379 3329 400 3377 si
419 3329 487 3378 fosse
500 3329 630 3394 segnalato
648 3329 675 3378 in
690 3330 761 3394 qual·

313 3401 360 3449 che
372 3400 436 3449 fatto
452 3399 555 3450 d'arnre.
569 3399 693 3449 Cicerone
705 3400 760 3449 l’ot·

313 3480 389 3521 tenne
414 3469 483 3520 nella
504 3470 649 3536 spedizione
673 3478 761 3519 contro

312 3543 338 3592 le
365 3543 436 3608 genti
467 3541 509 3592 del
537 3549 624 3592 monte
650 3543 759 3591 Amano.

312 3613 366 3666 cfr.
385 3614 442 3666 XX.

815 3116 848 3165 da
866 3116 945 3180 lungo
971 3123 1057 3182 tempo
1075 3116 1141 3165 circa
1166 3117 1204 3180 gli
1230 3135 1277 3167 av-

815 3186 956 3238 venimenti
975 3188 1047 3252 privo
1066 3187 1091 3236 di
1109 3203 1243 3253 speranza·

851 3273 876 3321 4.
906 3275 987 3321 quare
1015 3260 1152 3308 acciderit:
1182 3259 1274 3311 donde

814 3331 852 3381 sia
870 3336 1004 3379 avvenuto.

851 3411 874 3466 5.
888 3401 919 3448 id
934 3401 1101 3464 suspicarere,
1115 3401 1189 3464 quod
1203 3404 1274 3451 scri·

815 3473 859 3530 bis,
874 3465 928 3520 eloe
944 3471 990 3521 che
1009 3473 1042 3521 m’
1054 3472 1179 3535 intrigava
1196 3473 1271 3523 nella

814 3557 906 3607 guerra
917 3542 991 3592 civile
1006 3560 1020 3593 e
1033 3550 1107 3593 tenea
1116 3542 1185 3592 dalla
1195 3553 1272 3608 parte

816 3615 843 3663 di
861 3615 984 3678 Pompeo.
