2786 4280
340 291 379 346 62
680 303 715 347 nr.
738 302 768 346 r.
792 302 954 346 crcunoms

335 428 424 488 video
448 428 597 503 interesse,
623 431 676 489 sed
698 431 737 489 ad
760 428 999 507 properationem
1023 448 1122 488 meam
1145 429 1292 505 quiddam

267 539 310 594 30
334 516 456 577 interest
478 538 539 578 non
570 530 600 577 te
624 529 787 596 expectare,
824 519 896 578 dum
922 519 961 577 ad
987 519 1086 577 locum
1115 517 1226 592 venias,
1257 541 1294 582 ac

335 605 433 666 statim
456 627 573 667 causam
597 606 677 666 illam
701 617 794 668 totam
818 617 848 667 et
876 617 994 684 tempus
1017 605 1160 684 arripere3
1201 619 1232 667 et
1256 608 1291 668 si·

333 699 404 769 mul,
430 696 453 755 si
476 716 537 756 uno
567 695 599 754 in
631 705 806 773 argumento
835 715 953 772 unaque
980 695 1013 755 in
1044 715 1171 773 persona
1204 717 1292 758 mens

333 796 385 844 tua
407 795 470 844 tota
498 784 669 855 versabitur,
702 804 792 846 cerno
822 785 881 844 iam
910 785 1019 858 animo,
1045 795 1157 862 quanto
1188 787 1292 846 omnia

333 873 470 934 uberiora
503 884 591 950 atque
622 874 770 934 ornatiora
802 876 899 934 futura
928 873 996 934 sint.
1055 875 1160 949 Neque
1187 885 1290 936 tamen

266 977 306 1037 35
332 962 447 1040 ignoro,
472 982 563 1039 quam
585 963 775 1040 impudenter
797 963 911 1036 faciam,
928 963 979 1040 qui
1001 961 1130 1040 primum
1153 962 1209 1022 tibi
1225 974 1290 1024 tan-

332 1063 396 1111 tum
419 1050 517 1112 oneris
540 1050 693 1129 imponam
720 1051 830 1130 (potest
852 1052 932 1112 enim
959 1051 1032 1112 mihi
1059 1052 1207 1129 denegare
1241 1073 1292 1114 oc-

332 1139 451 1218 cupatio
481 1140 552 1220 tua),
584 1140 693 1201 deinde
724 1141 823 1213 etiam,
853 1151 886 1200 ut
915 1161 1003 1201 ornes
1032 1159 1089 1212 me,
1125 1143 1288 1218 postulem.

334 1229 424 1306 Quid,
450 1229 474 1289 si
497 1230 548 1290 illa
569 1229 624 1290 tibi
648 1250 709 1290 non
735 1240 819 1290 tanto
846 1249 936 1307 opere
967 1230 1106 1290 videntur
1127 1232 1292 1291 ornanda?

332 1321 392 1378 Sed
415 1329 523 1391 tamen,
549 1318 601 1395 qui
619 1321 710 1378 semel
726 1318 922 1380 verecundiae
945 1321 1019 1378 fines
1040 1317 1195 1391 transierit,
1218 1339 1291 1379 eum

265 1425 306 1477 40
330 1410 409 1467 bene
432 1418 462 1466 et
485 1407 598 1467 naviter
626 1418 743 1485 oportet
772 1427 836 1468 esse
865 1407 1080 1485 impudentem.
1129 1410 1234 1484 ltaque
1259 1420 1292 1468 te

329 1499 418 1572 plane
442 1495 530 1555 etiam
560 1506 649 1572 atque
673 1497 762 1557 etiam
792 1517 874 1574 rogo,
899 1506 932 1556 ut
956 1507 986 1556 et
1015 1515 1103 1556 ornes
1130 1515 1165 1555 ea
1197 1500 1290 1558 vehe-

331 1582 460 1643 mentius
483 1584 580 1656 etiam,
606 1605 695 1662 quam
718 1587 840 1646 fortasse
863 1585 962 1658 sentis,
981 1595 1011 1645 et
1032 1584 1064 1644 in
1087 1605 1123 1645 eo
1142 1587 1227 1664 leges
1246 1585 1290 1646 hi·
1384 1657 1385 1662 .

330 1672 436 1733 storiae
459 1675 617 1752 neglegas;
657 1674 839 1752 gratiamque
861 1675 950 1746 illam,
977 1676 1015 1734 de
1038 1693 1097 1751 qua
1112 1673 1290 1736 suavissime
1382 1683 1386 1750 ξ

329 1763 460 1838 quodam
483 1763 514 1822 in
537 1763 690 1840 prooemio
707 1762 855 1841 scripsisti,
872 1783 964 1840 aqua
986 1773 1016 1823 te
1038 1762 1116 1823 flecti
1139 1783 1204 1823 non
1226 1785 1289 1825 ma·

260 1865 303 1926 45
328 1850 372 1928 gis
394 1851 525 1929 potuisse
547 1853 732 1912 demonstras
747 1873 837 1930 quam
852 1853 1014 1913 Herculem
1035 1854 1287 1930 Xenophontium

364 2165 405 2216 30.
426 2153 486 2200 dum
508 2154 545 2200 ad
564 2154 647 2200 locum
669 2155 777 2203 oenias:

327 2218 410 2271 finche
438 2223 469 2272 sii
500 2224 606 2272 arrivato
637 2224 703 2273 colla
733 2232 776 2274 tua

326 2294 403 2343 storia
428 2295 453 2343 al
477 2302 558 2360 punto
581 2311 596 2343 a
620 2291 660 2343 eid
684 2311 775 2345 conve·

326 2366 419 2416 niente.

361 2451 403 2500 31.
423 2455 452 2486 oc
470 2440 557 2486 statim
579 2454 683 2486 causam
702 2439 775 2486 illam

325 2524 391 2558 ecc:
414 2525 456 2558 ma
474 2509 520 2558 che
533 2509 618 2558 subito
638 2509 657 2556 ti
670 2509 775 2574 aecinga

324 2596 339 2627 a
355 2581 469 2645 svolgere
483 2581 542 2629 tutti
555 2581 591 2645 gli
604 2581 774 2631 avvenimenti

324 2651 350 2697 di
368 2652 429 2716 quel
448 2653 553 2718 periodo
572 2653 599 2702 di
619 2659 713 2718 tempo.

359 2735 400 2786 32.
421 2739 491 2772 mens
510 2731 556 2772 tuo
575 2732 637 2774 tota:
666 2731 731 2774 tutta
749 2724 774 2773 la

323 2800 366 2842 tua
385 2794 534 2843 attenzione.

359 2873 401 2927 35.
422 2867 600 2929 impudenter:
622 2867 711 2916 ardito.
740 2894 771 2901 —

323 2937 381 2998 qui.
391 2972 396 2983 .
406 2972 410 2983 .
437 2937 574 3000 imponam.
600 2936 772 3001 Congiuntivo

322 3007 429 3057 causale.
442 3033 473 3042 -
480 3009 605 3071 priorum.
620 3009 650 3056 In
663 3009 709 3058 che
723 3009 771 3057 dif-

322 3077 411 3126 ferisce
431 3078 586 3143 deprimor
611 3079 654 3128 cfr.
675 3080 707 3138 11,
731 3093 770 3141 19.

358 3147 399 3211 36.
414 3156 500 3213 potest
517 3150 583 3196 enim
597 3165 665 3200 eoo:
686 3150 771 3201 insatti

320 3221 426 3282 potresti
452 3217 568 3268 riliutarti
592 3219 727 3284 allegando
746 3222 770 3272 le

321 3299 364 3339 tue
376 3291 547 3354 occupazioni.
568 3289 672 3352 Quanto
684 3293 708 3340 al
723 3302 770 3356 po-

320 3369 374 3418 test,
386 3361 431 3409 cfr.
441 3362 476 3410 M.
485 3363 544 3423 306,
555 3363 586 3411 A.
600 3362 661 3421 1;S.
674 3376 732 3428 233,
748 3377 769 3414 r.

357 3431 397 3496 38.
417 3433 471 3490 illo,
491 3429 547 3481 cioe
568 3434 577 3481 i
599 3433 655 3483 fatti
673 3435 706 3483 da
728 3451 770 3484 me

318 3505 451 3569 compluti.

355 3590 397 3638 39.
426 3577 580 3626 transierit:
604 3577 768 3641 congiuntivo

319 3647 536 3713 conseguenziale.

864 2167 908 2215 40.
928 2155 987 2202 berae
1001 2161 1025 2202 et
1037 2153 1156 2200 naviter:
1176 2153 1289 2218 proprio

829 2226 871 2275 del
890 2233 965 2274 tutto.

864 2311 907 2359 41.
927 2305 950 2346 te
964 2295 1134 2361 plumatium
1152 2301 1233 2357 atque
1251 2305 1289 2345 et-

828 2369 880 2416 iam
899 2384 979 2433 rogo:
998 2372 1171 2432 apertamente
1191 2381 1206 2414 e
1232 2368 1287 2416 cal-

828 2439 947 2488 damente
964 2439 983 2487 ti
1003 2452 1090 2503 prego.

863 2524 906 2572 42.
925 2517 950 2558 et
967 2511 995 2558 in
1015 2525 1059 2558 eo:
1085 2509 1145 2558 ein
1168 2509 1287 2573 quest'o·

827 2597 896 2646 pera.
919 2607 952 2616 -
971 2581 1035 2646 leges
1053 2580 1181 2629 historiar.
1205 2577 1285 2629 Cice-

828 2668 890 2702 rone
904 2653 937 2701 ha
949 2651 1079 2701 racchiuso
1092 2651 1194 2699 eodeste
1207 2649 1284 2715 leggi

828 2722 854 2772 in
873 2725 955 2788 poche
971 2722 1073 2788 parole:
1093 2738 1124 2770 ne
1137 2721 1202 2784 quid
1203 2721 1287 2784 falsi

827 2795 909 2844 dicere
923 2795 1034 2849 audeat,·
1051 2809 1082 2842 ne
1095 2793 1161 2857 quid
1169 2794 1231 2840 veri
1242 2794 1284 2841 cli·

827 2881 882 2913 cere
901 2882 953 2914 non
971 2866 1066 2913 audeat
1082 2863 1134 2928 (Do
1156 2863 1230 2911 Orat.
1246 2863 1282 2922 ΙΙ,

827 2936 879 3000 25).

860 3021 903 3071 43.
911 3007 1075 3072 gratiamque
1081 3007 1168 3066 illam:
1179 3020 1193 3053 e
1203 3005 1282 3069 quel·

825 3078 971 3128 l'amicizia.
988 3103 1021 3112 -
1041 3077 1207 3125 suavissime:
1227 3091 1280 3125 con

825 3150 931 3215 squisita
949 3147 1093 3213 gentilezza.

859 3235 902 3284 44.
916 3237 932 3268 a
944 3237 1003 3284 quo.
1021 3220 1052 3267 ln
1063 3219 1152 3278 latino,
1165 3233 1206 3265 mu
1222 3233 1280 3267 non

824 3289 866 3356 git
884 3293 911 3340 in
929 3292 1041 3349 italiano,
1065 3290 1085 3338 si
1104 3285 1157 3354 pud
1175 3288 1212 3336 far
1235 3305 1277 3338 se·

823 3364 896 3428 guire
913 3379 963 3412 una
976 3360 1151 3427 proposizione
1170 3359 1279 3409 relativa

823 3435 856 3484 ad
874 3436 916 3483 un’
927 3434 991 3482 altra
1003 3449 1066 3498 pure
1079 3431 1182 3482 relativa
1197 3445 1277 3480 senza

823 3505 955 3570 perticella
965 3504 1135 3568 congiuntiva.
1146 3502 1198 3551 Ct'r.
1209 3500 1281 3552 Stile

822 3576 852 3625 L.
873 3576 955 3626 Gand.
976 3585 1017 3641 95,
1040 3588 1080 3624 11.

858 3656 901 3710 45.
912 3647 1050 3696 Herculem
1062 3643 1276 3711 Xenophontium

1384 1259 1389 1342 l

1385 1351 1388 1408 l
