2788 4286
321 381 362 439 86
660 393 694 437 u.
718 393 749 434 Τ.
771 389 933 434 cicaaours

318 516 472 580 recusavi:
511 515 711 595 nequeenim
734 534 876 591 umquam
901 516 993 574 ullum
1017 513 1184 592 periculum
1214 526 1283 577 tau·

319 619 383 669 turn
405 606 513 686 putavi,
539 607 621 684 quod
652 607 855 681 subterfugere
885 605 1012 676 mallem,
1038 624 1128 681 quam
1157 615 1283 666 vestrae

319 696 484 759 auctoritati
506 698 722 772 obtemperare.
768 695 837 754 Hoc
858 703 958 752 autem
981 702 1115 771 tempore
1137 713 1184 754 res
1210 713 1281 754 sese

256 803 294 863 50
319 786 361 848 sic
382 787 481 859 habet,
507 793 547 858 ut,
573 783 629 843 nisi
651 781 812 844 exercitum
834 791 958 855 tanturn,
983 791 1126 857 quantum
1149 783 1190 842 ad
1215 803 1283 842 ma-

318 874 431 935 ximum
454 875 567 934 bellum
589 872 708 931 mittere
724 870 832 944 soletis,
850 880 963 930 mature
986 870 1017 930 in
1033 873 1086 930 has
1105 871 1284 949 provincias

318 962 464 1034 miseritis
489 981 637 1022 summurn
652 960 832 1038 ‘periculum
862 957 907 1032 sit,
940 979 979 1018 ne
1008 958 1189 1020 amittendae
1218 960 1286 1021 siut

319 1071 424 1114 omues
446 1070 499 1112 eae
525 1047 704 1128 provinciae,
737 1048 846 1126 quibus
874 1047 1030 1125 vectigalia
1059 1070 1089 1127 p.
1112 1052 1152 1109 R.
1183 1050 1286 1109 conti—

318 1151 437 1201 nentur.
488 1141 736 1217 Quamobrem
763 1147 863 1196 autem
890 1136 922 1196 in
949 1138 1007 1198 hoc
1036 1135 1212 1215 provinciali
1236 1138 1286 1198 di-

256 1246 272 1307 5
279 1242 294 1306 5
319 1233 399 1291 lectu
433 1248 517 1307 spem
547 1225 680 1288 habeatis
708 1224 846 1303 aliquam,
883 1245 971 1286 causa
1000 1228 1132 1286 nullast:
1176 1245 1287 1302 neque

320 1317 506 1390 multisunt,
531 1328 562 1377 et
584 1315 750 1393 diffugiunt,
775 1314 826 1392 qui
856 1324 933 1389 sunt,
961 1325 1043 1374 metu
1073 1317 1196 1388 oblato;
1240 1327 1285 1390 et,

320 1408 402 1484 quod
426 1425 520 1483 genus
543 1407 601 1466 hoc
627 1404 753 1465 militum
776 1401 822 1476 sit,
852 1401 995 1464 iudicavit
1016 1402 1061 1462 vir
1090 1403 1283 1477 fortissimus,

319 1498 365 1555 M.
387 1493 519 1567 Bibulus,
552 1494 583 1553 in
614 1493 693 1563 Asia,
726 1490 785 1569 qui,
819 1511 888 1551 cum
920 1511 974 1552 vos
1004 1490 1033 1551 ei
1061 1491 1285 1570 permisissetiS,

321 1582 463 1643 dilectum
486 1584 596 1642 habere
612 1579 749 1642 noluerit.
802 1582 879 1640 Nam
895 1580 1043 1641 sociorum
1059 1580 1166 1640 auxilia
1187 1601 1288 1659 prop·

256 1676 295 1732 60
321 1683 366 1732 ter
393 1671 585 1731 acerbitatem
615 1681 710 1747 atque.
737 1668 859 1728 iniurias
887 1668 1003 1747 imperii
1034 1669 1126 1730 nostri
1154 1679 1206 1729 aut
1239 1670 1288 1730 ita

320 1758 470 1820 imbecilla
494 1769 569 1834 sunt,
595 1770 703 1820 utnon
726 1759 852 1818 multum
875 1777 931 1817 nos
952 1757 1053 1819 iuvare
1075 1757 1198 1836 possint,
1228 1769 1287 1820 aut

320 1847 362 1909 ita
383 1847 510 1910 alienata
540 1868 559 1908 a
587 1848 684 1921 nobis,
716 1857 750 1907 ut
780 1866 879 1924 neque
909 1849 1141 1925 exspectandum
1171 1849 1211 1906 ab
1245 1845 1289 1909 iis

321 1955 420 2014 neque
432 1937 678 1998 committendum
694 1936 729 1995 iis
743 1934 903 2013 quicquam
915 1955 978 1996 esse
988 1935 1133 1997 videatur.
1183 1936 1287 2014 Regis

321 2025 455 2086 Deiotari
479 2039 510 2086 et
531 2028 713 2086 voluntatem
737 2034 766 2084 et
781 2023 889 2102 copias,
915 2035 1173 2101 quantaecumque
1193 2037 1283 2100 sunt,

257 2117 295 2191 65
322 2123 436 2175 nostras
459 2133 523 2175 esse
546 2115 644 2188 duc0;
684 2111 875 2191 Cappadocia
890 2123 935 2173 est
951 2113 1055 2185 inanis,
1069 2112 1173 2188 reliqui
1188 2133 1286 2192 reges

321 2203 497 2282 tyrannique
520 2222 619 2280 neque
642 2201 750 2280 opibus
773 2200 842 2262 satis
857 2201 934 2262 firmi
949 2222 1005 2264 nec
1028 2204 1179 2263 voluntate
1194 2214 1283 2266 sunt.

320 2291 398 2352 Mihi
419 2291 451 2352 in
473 2294 530 2353 hac
554 2289 702 2370 paucitate
730 2289 858 2350 militum
889 2291 1005 2350 animus
1034 2301 1113 2352 certe
1137 2310 1197 2350 non
1230 2293 1290 2352 de-

359 2535 400 2589 53.
420 2523 512 2586 quibus
536 2522 669 2586 uectigalia
689 2529 717 2584 p.
742 2522 772 2571 R.

322 2596 507 2644 continentur:
528 2595 575 2643 che
593 2592 774 2642 costituiscono

322 2666 348 2715 la
357 2665 456 2715 rendita
468 2665 608 2731 principale
623 2663 665 2712 del
678 2663 773 2729 popolo

323 2751 436 2786 romano.
456 2736 478 2784 E
496 2736 577 2786 l'Asia
594 2742 709 2800 appunto
721 2733 773 2782 sor-

323 2822 397 2855 mava
421 2807 446 2855 la
472 2808 588 2872 maggior
611 2813 682 2872 parte
706 2805 773 2855 delle

322 2876 430 2926 uendite.

323 3001 328 3014 ·
360 2955 400 3011 54.
427 2947 509 3008 Quam
532 2951 560 2996 ab
585 2965 638 2997 rem
663 2947 774 3012 dipende

316 3018 357 3083 fla
381 3033 458 3066 cansa
483 3020 590 3070 nullast.
616 3043 647 3054 -
675 3019 704 3066 iu
727 3019 772 3066 nac

319 3089 480 3152 prouinciali
496 3090 608 3141 dilectu:
629 3089 698 3138 nella
716 3089 773 3138 leva

324 3159 371 3208 che
390 3159 411 3208 si
429 3156 482 3209 fari
494 3160 521 3208 in
534 3168 622 3224 questa
637 3159 774 3226 provincia.

362 3239 403 3294 55.
422 3245 503 3293 neque
521 3232 599 3280 multi
616 3239 697 3281 sunt:
720 3231 775 3296 poi·

324 3296 371 3349 che
389 3316 452 3350 sono
471 3301 555 3367 pochi.

361 3369 402 3435 56.
422 3373 469 3436 qui
486 3380 565 3421 sunt:
587 3372 672 3437 questi
690 3371 775 3436 pochi.

325 3468 359 3478 —
384 3451 452 3492 metu
480 3443 580 3492 ablata:
613 3442 664 3492 alla
693 3442 776 3507 prima

326 3514 415 3563 ombra
424 3515 450 3563 di
461 3514 558 3564 timore.
576 3541 606 3550 -
621 3521 660 3563 ct:
674 3512 775 3564 inoltre.

361 3594 402 3650 57.
422 3586 494 3650 quad
508 3582 523 3634 ὲ
541 3585 731 3648 interrogativo.

361 3655 402 3723 58.
419 3673 475 3706 cnm
490 3658 671 3722 permisissetis
690 3653 776 3705 econ·

325 3742 428 3778 cessrvo.

864 2530 905 2584 59.
945 2521 1065 2580 noluerit,
1112 2520 1290 2584 congiuntivo
1392 2517 1393 2580 ξ

828 2598 893 2641 retto
912 2591 953 2641 dal
973 2593 1020 2655 qui
1037 2591 1144 2640 causale.

863 2663 905 2712 60.
924 2665 1028 2727 imperii
1045 2664 1149 2712 nostri:
1173 2663 1216 2712 dei
1237 2680 1291 2713 no—

827 2734 872 2782 stri
889 2734 1059 2798 governatori.

864 2804 905 2852 62.
925 2805 1055 2854 alienata:
1074 2805 1217 2868 disgustatI.

863 2878 905 2937 64.
919 2876 1045 2926 Deiotari.
1058 2874 1110 2926 cfr.
1124 2875 1222 2935 xvm,
1243 2892 1289 2942 19.

829 2971 860 2982 ··-
874 2947 1049 2995 voluntatem:
1068 2947 1094 2995 lo
1110 2947 1172 3006 zelo,
1183 2947 1208 2995 la
1222 2965 1289 3014 pro-

827 3017 957 3082 pensione.
989 3042 1023 3052 —
1058 3025 1290 3084 quantaecumque

827 3095 906 3138 sunt:
926 3095 1020 3153 quante
1039 3105 1094 3139 esse
1112 3103 1183 3138 sono.

866 3159 907 3222 65.
930 3159 1090 3222 Cappadocia
1115 3168 1153 3209 est
1172 3161 1289 3211 inanis:

830 3230 855 3278 la
873 3229 1035 3294 Cappadocia
1049 3227 1064 3279 ὲ
1076 3239 1159 3280 vuota.
1174 3233 1203 3279 lu
1218 3247 1290 3297 que-

830 3309 868 3350 sta
887 3301 1019 3365 provincia
1033 3317 1143 3366 regnava
1160 3301 1290 3354 Ariobar-

830 3387 899 3420 zane.
919 3369 972 3421 cfr.
991 3372 1088 3436 XVIII,
1109 3385 1151 3437 30.
1223 3391 1225 3396 ·

865 3442 908 3491 66.
930 3445 1102 3507 tyrannique:
1128 3460 1143 3494 e
1161 3443 1288 3511 principi.

832 3540 864 3549 -
884 3530 965 3576 neque
984 3516 1097 3579 apibus...
1117 3531 1163 3563 nec
1186 3516 1287 3565 volun·

830 3593 899 3634 tate:
918 3579 950 3632 ne
968 3601 1014 3649 per
1033 3591 1148 3651 potenza,
1175 3581 1208 3635 ne
1235 3604 1287 3653 per

823 3656 894 3705 ¹zelo.

867 3726 909 3788 67.
937 3727 1006 3775 Mihi
1027 3728 1057 3776 in
1081 3727 1128 3776 hac
1147 3730 1290 3792 paucitate
