2788 4286
320 303 360 360 9²
659 298 694 341 rr.
718 297 748 343 r.
773 295 936 342 ciceronis

318 433 353 482 ut
375 420 486 494 scribis,
505 422 543 481 de
559 421 697 482 omnibus
711 424 808 496 rebuS,
826 422 889 500 ipse
912 422 952 481 ad
973 441 1022 482 me
1044 441 1107 481 non
1131 422 1280 496 venisset,

277 529 292 588 5
318 510 430 571 litteras
459 520 524 570 tuas
554 509 688 584 misisset,
724 531 797 589 quas
826 509 957 570 intellexi
988 510 1140 571 breviores
1170 511 1278 587 fuisse,

319 599 401 676 quod
421 618 489 659 eum
512 602 694 678 perlaturum
717 611 859 679 putasses.
902 600 963 659 Sed
986 609 1095 671 tamen,
1112 609 1279 677 postquam

318 699 383 748 tuas
406 686 517 748 litteras
540 688 607 766 legi,
630 688 782 749 Postumia
804 699 855 748 tua
876 707 925 747 me
940 686 1080 749 convenit
1099 699 1130 747 et
1152 688 1282 748 Servius

318 786 428 837 noster.
474 777 531 837 His
553 777 672 856 placuit,
691 788 723 837 ut
744 787 776 836 tu
800 777 831 836 in
854 778 1021 837 Cumanum
1045 775 1170 849 venires,
1189 778 1279 854 quod

318 866 407 926 etiam
431 885 548 926 mecum
571 876 605 925 ut
626 867 665 925 ad
687 876 717 926 te
740 865 899 927 scriberem
921 876 1054 943 egerunt.

256 974 293 1012 10
362 954 452 1030 Quod
475 975 576 1014 meum
599 954 755 1015 consilium
784 953 918 1030 exquiris,
943 953 974 1013 id
1005 964 1049 1014 est
1077 956 1145 1027 tale,
1171 965 1205 1014 ut
1227 975 1279 1015 ca·

317 1062 389 1122 pere
412 1042 525 1104 facilius
540 1041 602 1121 ipse
618 1042 728 1121 possim
751 1063 842 1120 quarn
858 1042 941 1102 alteri
957 1043 1036 1102 dare.
1083 1042 1166 1118 Quid
1191 1043 1278 1103 enim

319 1141 371 1205 est,
396 1133 479 1208 quod
501 1134 627 1192 audeam
650 1134 773 1192 suadere
795 1129 858 1204 tibi,
891 1129 1005 1191 homini
1032 1150 1149 1191 summa
1171 1143 1280 1192 aucto·

316 1220 402 1281 ritate
427 1240 600 1297 summaque
622 1220 801 1299 prudentia?
846 1219 885 1293 Si,
907 1220 980 1296 quid
1003 1219 1203 1280 rectissimum
1227 1220 1276 1294 sit,

318 1309 494 1386 quaerimus,
519 1309 707 1388 perspicuum
725 1305 782 1382 ‘est,
808 1307 840 1380 si,
865 1307 939 1385 quid
965 1309 1092 1368 maxime
1120 1309 1277 1386 expediat,

255 1414 291 1475 15
317 1400 498 1474 obscurum;
533 1397 578 1458 sin
601 1398 622 1459 ii
644 1417 754 1473 sumus,
778 1397 830 1474 qui
852 1398 1002 1474 proiectos
1025 1417 1089 1458 esse
1112 1398 1278 1473 debemuS,

317 1497 351 1547 ut
373 1486 447 1547 nihil
470 1487 645 1547 arbitremur
671 1485 819 1565 expedire,
844 1484 900 1546 nisi
930 1487 1012 1563 quod
1043 1496 1157 1547 rectum
1180 1487 1281 1547 hone-

317 1586 455 1651 stumque
480 1574 523 1649 sit,
549 1595 611 1636 non
633 1586 732 1654 potest
754 1594 818 1635 esse
842 1573 975 1648 dubium,
1002 1575 1075 1651 quid
1098 1574 1279 1636 faciendum

316 1663 405 1723 nobis
427 1663 475 1724 sit.

361 1754 452 1828 Quod
472 1750 619 1813 existimas
641 1773 738 1813 meam
761 1771 879 1813 causam
901 1749 1091 1812 coniunctam
1113 1770 1178 1810 esse
1203 1772 1277 1813 cum

253 1861 292 1900 20
317 1851 376 1914 tua,
402 1852 480 1902 certe
503 1841 606 1902 similis
627 1841 800 1919 inutraque
817 1850 960 1913 nostrum,
978 1860 1046 1901 cum
1069 1839 1183 1917 optime
1209 1860 1279 1904 sen-

315 1930 446 2003 tiremus,
472 1950 552 1990 error
574 1930 638 1994 suit.
685 1933 763 1990 Nam
787 1929 887 1989 omnia
910 1929 1066 2005 utriusque¹
1083 1928 1211 1989 consilia
1235 1932 1276 1991 ad

316 2017 506 2080 concordiam
529 2029 756 2096 spectaverunt3
795 2037 856 2096 qua
877 2037 945 2078 cum
969 2016 1025 2095 ipsi
1053 2017 1173 2094 Caesari
1197 2018 1277 2079 nihil

314 2117 391 2167 esset
415 2106 523 2179 utilius,
548 2098 815 2184 gratiam'quoque
845 2126 901 2166 nos
932 2105 1006 2167 inire
1037 2109 1076 2167 ab
1098 2125 1135 2166 eo
1168 2107 1278 2168 defen·

314 2196 415 2256 denda
437 2216 510 2273 pace
533 2195 757 2256 arbitrabamur.
806 2197 959 2272 Quantum
983 2215 1038 2255 nos
1069 2195 1218 2270 fefellerit,
1245 2207 1278 2257 et

311 2427 386 2477 berto
406 2427 433 2476 di
457 2426 588 2478 Cicerone.
614 2452 648 2461 -
670 2443 727 2476 cum
752 2422 766 2475 ὲ

312 2498 466 2548 concessivo.
474 2525 507 2534 —
517 2499 560 2546 als
570 2505 601 2546 te.
615 2495 667 2546 Cfr.
675 2497 732 2558 XX,
741 2511 765 2548 2.

304 2609 307 2613 .
347 2584 373 2630 4.
386 2571 462 2632 ipse...
478 2586 531 2618 nan
543 2569 666 2618 venisset:
686 2585 765 2619 anon

312 2638 399 2690 venire
418 2640 446 2688 in
464 2656 580 2706 persona.
599 2639 623 2690 Il
641 2640 765 2704 congiun-

313 2711 364 2760 tivo
383 2707 397 2758 ὲ
417 2717 480 2760 retta
499 2711 541 2759 dal
560 2713 608 2776 qui
623 2710 731 2761 causale.

349 2791 372 2845 5.
391 2781 491 2830 litteras
519 2790 578 2831 tuas
601 2783 727 2832 misisset:
751 2800 765 2833 e

313 2868 328 2900 a
345 2852 487 2900 mandarmi
505 2852 593 2903 invece
611 2853 635 2902 la
655 2859 698 2901 tua
717 2853 763 2903 let-

312 2929 373 2974 tera.

348 2992 372 3041 6.
393 2993 487 3056 quad...
502 3002 640 3057 putasses:
666 3002 764 3044 mentre

312 3063 423 3128 pensavi.
443 3059 538 3113 Perche
556 3065 576 3112 il
595 3067 667 3129 quael
685 3081 763 3130 regge

311 3134 331 3182 il
350 3133 529 3198 congiuntivo?

345 3215 371 3268 a.
384 3206 518 3254 Postumia
531 3214 594 3256 tua:
611 3213 654 3256 tua
667 3207 763 3272 moglie

310 3275 448 3324 Postumia.
460 3302 492 3311 -
504 3277 618 3337 Servius,
624 3278 644 3326 il
654 3277 725 3342 figlio
735 3279 763 3328 di

310 3345 434 3412 Sulpicio.

347 3416 371 3466 8.
385 3419 436 3467 His
452 3418 570 3482 placuit:
589 3419 637 3468 essi
650 3419 760 3469 credano

308 3489 383 3540 bene.
414 3515 445 3526 -
468 3491 584 3540 venires:
611 3505 699 3554 renga.
726 3516 758 3526 -

309 3561 381 3624 quad
396 3562 471 3610 etiam
485 3577 580 3610 mecum
595 3577 661 3611 ecc.:
674 3559 760 3628 percib

309 3631 344 3681 mi
362 3632 448 3682 hanno
467 3632 547 3682 anche
566 3639 675 3684 esortato
694 3649 744 3683 ecc.

858 2441 896 2477 10.
912 2427 1003 2491 Quod:
1022 2433 1117 2492 quanto
1134 2423 1203 2477 acio
1216 2429 1279 2480 che.

819 2523 852 2532 —
872 2507 975 2562 capere:
993 2497 1174 2548 abbracclarlo.

857 2582 896 2632 13.
912 2569 1068 2632 prudentia:
1086 2569 1184 2634 pratica
1203 2571 1276 2621 della

817 2639 869 2688 vita
886 2639 998 2706 politica.

856 2721 895 2775 15.
912 2712 953 2759 sin
966 2712 987 2758 ii
998 2727 1096 2770 sumus,
1109 2711 1170 2774 qui:
1187 2728 1215 2761 se
1230 2714 1278 2778 poi

818 2781 898 2831 siamo
918 2781 971 2841 tali,
992 2781 1070 2846 quali.

856 2853 895 2902 16.
910 2861 941 2902 ut
958 2848 1155 2912 econsecutivo.
1177 2879 1211 2888 -
1230 2855 1275 2902 lra-

817 2932 981 2987 nestumque:
1000 2939 1014 2972 e
1033 2922 1172 2986 dignitoso.

855 3004 894 3057 17.
908 2995 975 3057 quid
976 2994 1131 3058 faciendum
1144 3009 1206 3046 ece:
1225 2997 1276 3046 che

816 3079 876 3114 cosa
891 3065 913 3114 ci
927 3079 1059 3129 convenga
1071 3063 1131 3114 fare.
1145 3063 1278 3118 Cicerone

816 3143 889 3186 tenea
908 3151 991 3186 essere
1013 3131 1060 3201 piir
1085 3135 1208 3188 decorose
1233 3155 1275 3189 se-

814 3207 887 3272 guire
906 3208 1027 3272 Pompeo,
1048 3205 1116 3256 dalla
1135 3207 1177 3257 cui
1198 3216 1279 3274 parte

815 3279 836 3328 si
855 3293 931 3327 erano
943 3278 1061 3328 schierati
1072 3278 1082 3326 i
1095 3278 1210 3328 cittadini
1224 3278 1274 3346 piir

814 3349 936 3414 cospicui.

850 3433 891 3471 20.
914 3437 971 3468 cum
990 3421 1081 3485 optime
1099 3422 1277 3471 sena’remus:

813 3491 926 3542 sebbene
961 3491 1120 3556 pensassimo
1166 3491 1273 3542 attima-

813 3569 908 3612 mente.

849 3645 890 3693 24.
913 3632 1045 3693 Quantum
1065 3650 1111 3682 nas
1128 3631 1275 3698 fefellerit,
