2786 4280
288 341 457 385 nrrsruraa
479 341 634 384 saoneres
659 357 699 368 -·-
725 341 772 385 aa.
796 339 849 387 xv.
1005 328 1023 384 6
1030 339 1045 403 5

103 469 177 530 enim
197 469 294 530 varios
316 479 398 531 actus
420 467 657 546 mutationesque
674 479 705 528 et
719 468 910 530 consiliorum
934 481 963 530 et
978 479 1049 530 tem·

106 579 208 635 porum.
264 563 393 620 Aenon
423 577 535 630 vereor,
565 577 603 618 ne
634 556 891 618 adsentatiuncula
920 561 1050 634 quadam

105 649 233 726 aucupari
256 657 338 708 tuam
365 645 489 725 gratiam
517 646 627 720 videar,
656 667 724 707 cum
748 649 807 707 hoc
835 647 1046 723 demonstrem,

105 756 184 796 mea
205 750 234 798 te
257 735 444 816 potissimum
468 735 566 796 ornari
585 735 788 813 celebrarique
810 737 897 796 velle.
943 739 1051 814 Neque

105 825 175 886 enim
196 837 229 887 tn
252 827 277 886 is
300 846 341 898 es
366 824 426 902 qui,
451 824 525 900 quid
548 823 594 898 sis,
624 825 746 900 nescias,
772 833 802 883 et
832 824 967 902 quinon
998 845 1050 885 eos
1075 845 1115 904 90

105 915 195 993 magis,
223 915 274 994 qui
297 926 327 974 te
349 934 412 974 non
434 913 625 986 admirentur,
650 913 777 988 invidos,
804 933 893 992 quam
917 933 977 987 eos,
999 913 1051 991 qui

105 1004 225 1078 laudent,
249 1005 453 1064 adsentatores
470 1002 629 1077 arbitrere;
667 1022 766 1079 neque
789 1013 889 1062 autem
913 1022 968 1079 ego
986 1022 1051 1063 sum

105 1090 139 1151 ita
159 1096 290 1165 demens
315 1101 349 1151 ut
370 1110 420 1151 me
443 1091 638 1170 sempiternae
661 1091 771 1169 gloriae
798 1111 851 1169 per
874 1110 941 1151 eum
973 1111 1051 1152 com-

106 1182 229 1242 mendari
253 1181 352 1255 velim,
377 1179 428 1256 qui
451 1200 514 1240 non
536 1180 600 1258 ipse
624 1199 743 1257 quoque
767 1180 798 1238 in
821 1200 869 1240 me
902 1200 1051 1241 commen·

105 1271 195 1332 dando
220 1269 370 1349 propriam
393 1268 520 1347 ingeniis
541 1268 664 1346 gloriam
689 1279 898 1346 consequatur.
945 1271 1053 1347 Neque
1076 1285 1116 1347 95

107 1359 175 1418 enim
197 1359 372 1420 Alexander
391 1356 441 1417 ille
456 1357 566 1436 gratiae
582 1377 670 1418 causa
684 1360 723 1417 ab
740 1359 847 1435 Apelle
866 1357 1052 1434 potissimum

105 1447 176 1526 pingi
202 1459 234 1508 et
264 1468 282 1507 a
311 1445 441 1525 Lysippo
472 1446 543 1524 fingi
574 1448 703 1518 volebat,
734 1447 787 1506 sed
819 1447 901 1523 quod
934 1447 1054 1506 illorum

106 1547 186 1598 artem
210 1557 280 1598 cum
304 1535 375 1612 ipsis
397 1546 461 1594 tum
492 1535 580 1595 etiam
612 1535 669 1595 sibi
694 1535 805 1614 gloriae
827 1537 890 1596 fore
918 1538 1051 1614 putabat.

106 1627 194 1703 Atque
220 1625 263 1685 illi
286 1624 411 1684 artifices
434 1623 566 1702 corporis
595 1622 750 1684 simulacra
779 1623 889 1702 ignotis
911 1634 983 1684 nota
1013 1627 1052 1685 fa-

107 1712 238 1789 ciebant;
278 1733 354 1790 quae
377 1714 425 1772 vel
448 1712 472 1772 si
495 1714 577 1773 nulla
600 1713 666 1785 sint,
691 1712 785 1772 nihilo
804 1712 862 1773 sint
884 1722 985 1772 tamen
1002 1716 1053 1773 ob·
1079 1733 1139 1772 100

105 1804 239 1864 scuriores
262 1801 332 1863 clari
356 1800 418 1862 viri.
472 1804 537 1862 Nec
562 1801 661 1862 minus
687 1813 732 1861 est
758 1801 919 1878 Spartiates
952 1801 1053 1879 Agesi-

104 1891 159 1951 laus
179 1892 230 1952 ille
254 1889 468 1970 perhibendus,
493 1889 546 1967 qui
567 1910 664 1966 neque
693 1891 802 1968 pictam
825 1909 923 1966 neque
953 1893 1052 1951 fictam

104 1977 254 2058 imaginem
279 1999 361 2040 snam
385 1999 488 2057 passus
514 1989 654 2052 estesse,
684 1999 773 2055 quam
804 1978 857 2056 qui
882 1977 913 2038 in
937 1998 973 2038 eo
1003 1998 1051 2056 ge-

25 2089 26 2136 j
104 2087 166 2130 nere
186 2072 380 2130 laborarunt:
424 2088 501 2128 unus
524 2067 604 2128 enim
634 2067 845 2146 Xenophontis
875 2067 993 2128 libellus
1021 2067 1053 2127 in

24 2225 25 2232 ἵ
105 2176 137 2215 eo
157 2179 226 2238 rege
249 2158 401 2224 laudando
426 2157 510 2218 facile
534 2176 638 2217 omnes
668 2156 810 2232 imagines
834 2157 967 2218 omnium
998 2168 1052 2216 sta·
1079 2172 1141 2233 105

25 2251 26 2286 f
103 2255 218 2324 tuasque
242 2245 400 2325 superavit.
449 2251 550 2324 Atque
573 2247 631 2307 hoc
654 2245 849 2323 praestantius
870 2244 943 2305 mihi
965 2244 1054 2306 fuerit

25 2347 26 2398 .
103 2344 129 2393 et
149 2339 184 2396 ad
206 2335 351 2397 laetitiam
378 2333 470 2394 animi
500 2343 530 2394 et
556 2336 595 2395 ad
627 2335 786 2395 memoriae
813 2333 995 2413 dignitatem,
1029 2332 1053 2392 si

134 2616 172 2668 88,
193 2636 259 2678 cunr,
278 2617 442 2668 avversativo.

133 2687 171 2754 89.
188 2690 284 2739 ornari
296 2689 489 2752 celebrarique:
507 2703 545 2738 es·

103 2774 151 2810 sere
169 2761 275 2811 esaltato
295 2776 310 2810 e
329 2758 466 2810 celebrato.

132 2844 170 2892 90.
180 2833 229 2896 qui
234 2827 479 2894 econseguenziale;
490 2846 547 2896 per·

25 2907 26 2926 ¹
101 2897 138 2949 eid
154 2919 233 2967 regge
252 2904 358 2953 nescias.
372 2927 405 2936 -
419 2902 486 2966 qnid
494 2903 546 2950 sis:

24 2973 26 3008 J
101 2981 190 3036 quanto
209 2974 293 3038 valga.

25 3043 26 3066 ³
132 3058 172 3105 91.
195 3045 381 3094 admirentur:
406 3039 498 3109 perche
524 3043 548 3093 al

103 3116 261 3179 congiuntivo
274 3118 283 3164 l

132 3199 172 3250 93.
207 3187 376 3251 sempiternae
404 3186 547 3252 gloriae...

103 3259 272 3306 conamendari
280 3275 287 3306 .-
311 3257 479 3322 raggiungere
498 3272 550 3306 una

102 3326 177 3389 gloria
196 3328 354 3393 imperitum.

133 3399 173 3462 96.
186 3399 338 3448 Alexander
347 3399 408 3448 ille:
421 3397 440 3447 il
451 3398 550 3448 famoso

102 3468 261 3519 Alessandro.
285 3495 317 3506 -
335 3471 435 3535 gratiae
454 3485 550 3519 causa:

25 3563 26 3570 κ
103 3554 145 3602 per
162 3541 201 3591 lar
219 3541 274 3590 loro
299 3541 406 3607 placere.

135 3611 176 3672 98.
205 3629 307 3662 curn...
332 3619 408 3662 turn:
436 3617 550 3661 muto...

25 3687 26 3706 ³
103 3691 204 3744 quanto.

636 2633 678 2682 99.
691 2616 786 2681 ignotis
795 2634 803 2664 :
819 2632 834 2664 a
846 2612 926 2680 quelli
939 2615 987 2664 che
1000 2629 1054 2663 non

600 2688 619 2737 li
638 2702 819 2737 conoscevano.

640 2771 696 2808 100.
717 2775 782 2822 quae
799 2758 842 2806 vel
858 2758 882 2807 si
893 2757 968 2805 mella
981 2757 1054 2807 sint:

600 2846 643 2880 ma
661 2846 688 2879 se
707 2830 786 2879 anche
807 2845 860 2879 non
883 2845 913 2879 ve
933 2843 966 2877 ne
985 2828 1055 2878 fosse

601 2901 677 2950 alcun
690 2901 795 2950 ritratto.
809 2900 857 2950 Vel
866 2922 898 2942 =
911 2902 996 2949 etiam.
1007 2900 1054 2950 Pe-

602 2972 674 3022 riodo
684 2971 805 3037 ipotetico
819 2971 887 3022 della
899 2969 1054 3036 possibilita.

642 3056 696 3092 101.
728 3043 784 3092 Nec
811 3045 897 3093 minus
922 3050 960 3092 est
983 3057 1054 3095 eea:

603 3114 688 3164 infatti
699 3114 724 3162 lo
737 3119 856 3179 spariano
867 3113 989 3178 Agesilao
1002 3127 1052 3161 ecc.

603 3200 655 3235 non
674 3181 688 3232 ὲ
708 3200 783 3234 meno
803 3186 901 3235 famoso
919 3186 945 3234 di
974 3182 1055 3248 quelli

603 3256 650 3305 che
669 3257 689 3305 si
710 3257 813 3306 diedero
832 3257 950 3322 pensiero
969 3255 996 3303 di
1015 3270 1055 3304 es-

604 3342 659 3377 sere
677 3327 776 3376 ritratti.

643 3411 700 3459 104.
711 3399 934 3463 Xenophantir.Si
944 3411 1055 3447 accenna

605 3468 731 3535 all'opera
749 3469 775 3518 di
799 3469 939 3520 Senolonte
964 3467 1005 3516 dal
1025 3466 1056 3514 ti·

605 3541 658 3590 tolo
679 3561 691 3585 e
712 3540 834 3604 Agesilao
854 3554 877 3591 n.

644 3612 700 3662 106.
716 3612 896 3675 praestantius
918 3610 981 3659 mihi
989 3607 1060 3671 sue-

605 3684 658 3732 rit:
679 3680 734 3732 sari
753 3682 832 3733 molto
852 3681 955 3746 meglio.

916 3817 928 3870 5
