2786 4280
667 323 699 363 Μ.
723 322 753 363 Τ.
779 318 942 362 CICERONIS

586 610 626 668 X.
650 605 707 684 (ad
726 608 854 666 Atticum
877 608 928 678 III,
959 605 1020 684 23).
1099 627 1103 636 ’

359 767 489 832 Risponde
508 766 540 814 ad
558 781 609 814 una
621 765 711 814 lettera
730 764 756 812 di
768 763 855 812 Attico
868 779 914 829 per
934 763 1118 829 manifestargli
1132 765 1205 830 quali
1224 782 1282 817 cose
1346 733 1348 766 ¹

323 838 431 888 desideri
450 836 518 886 nella
536 836 611 901 legge
630 835 792 901 promulgata
816 827 857 882 dai
879 833 974 883 tribuni
997 834 1064 884 della
1092 836 1169 900 plebe
1189 837 1217 886 in
1236 853 1281 887 suo
1347 853 1348 864 ³

324 911 416 958 favore.
438 908 609 957 Accennando
622 907 654 955 ad
667 922 718 955 una
733 914 799 956 terza
811 905 902 955 lettera
911 905 980 955 dello
993 913 1071 955 stesso
1083 906 1171 956 Attico
1185 909 1282 973 prende
1347 913 1348 916 ’

323 981 456 1030 occasione
475 995 520 1042 per
537 977 753 1042 raccomandargli
772 977 781 1026 i
799 975 863 1027 suoi.
877 976 968 1026 Scritta
980 977 1012 1026 da
1025 978 1139 1027 Durazzo
1152 978 1172 1026 il
1188 993 1225 1042 3o
1237 995 1283 1029 no·

323 1052 426 1102 vembre
445 1049 486 1100 del
506 1049 557 1111 696
576 1048 642 1115 (58).

619 1261 748 1312 CICERO
765 1261 899 1312 ATTICO
917 1261 992 1314 SAL.

368 1437 405 1492 A.
430 1433 459 1492 d.
483 1453 501 1490 v
525 1433 591 1491 Kal.
621 1431 783 1491 Decembr.
806 1439 866 1490 tres
894 1429 1035 1507 epistulas
1056 1449 1075 1488 a
1101 1439 1131 1489 te
1154 1431 1280 1509 accepi:

325 1541 415 1582 unam
438 1522 538 1580 datam
567 1541 593 1581 a.
618 1521 649 1579 d.
680 1537 732 1578 viu
755 1520 824 1578 Kal.
857 1520 1052 1593 Novembres
1084 1517 1117 1577 in
1147 1538 1210 1595 qua
1232 1539 1281 1579 me

325 1608 456 1681 hortaris,
482 1619 515 1668 ut
537 1608 605 1668 forti
628 1607 727 1668 auimo
750 1627 884 1667 mensem
906 1605 1075 1667 Ianuarium
1098 1617 1280 1685 exspectem,

325 1716 429 1774 eaque,
454 1717 530 1775 quae
545 1699 585 1757 ad
604 1717 686 1775 spem
702 1707 787 1774 putas
803 1694 958 1774 pertinere,
977 1696 1016 1755 de
1032 1695 1153 1756 Lentuli
1170 1697 1280 1771 studio,

284 1801 298 1857 5
325 1789 364 1847 de
387 1787 502 1848 Metelli
524 1789 686 1860 voluntate,
711 1786 750 1844 de
776 1795 839 1845 tota
860 1783 985 1861 Pompei
1007 1784 1130 1858 ratione,
1161 1786 1284 1863 perscri-

325 1875 381 1936 bis.
439 1881 472 1935 ln
500 1878 592 1936 altera
625 1875 752 1953 epistula
778 1883 892 1951 praeter
920 1872 1169 1934 consuetudinem
1201 1885 1283 1944 tuam

324 1964 404 2024 diem
428 1985 489 2025 non
512 1962 662 2034 adscribis,
689 1963 741 2022 sed
765 1961 834 2022 satis
860 1960 1006 2039 significas
1034 1972 1174 2040 tempus:
1217 1966 1283 2042 lege

325 2052 403 2112 enim
435 2056 473 2113 ab
497 2061 565 2113 octo
595 2051 721 2113 tribunis
751 2053 792 2128 pl.
820 2052 1007 2128 promulgata
1036 2050 1139 2112 scribis
1172 2061 1203 2112 te
1234 2073 1284 2112 eas
1315 2045 1325 2078 “

325 2141 436 2201 litteras
458 2161 494 2201 eo
510 2141 575 2219 ipso
591 2141 640 2201 die
656 2139 782 2214 dedisse,
807 2139 838 2198 id
854 2148 898 2199 est
913 2157 939 2201 a.
957 2141 986 2200 d.
1005 2157 1047 2197 riu
1064 2142 1134 2201 Kal.
1152 2143 1286 2202 Novem·

262 2245 300 2283 10
326 2232 403 2304 bras,
420 2240 450 2289 et
472 2230 545 2307 quid
567 2241 652 2307 putes
675 2226 807 2288 utilitatis
830 2247 895 2288 eam
921 2227 1192 2306 promulgationem
1209 2241 1284 2291 attu-

322 2318 399 2392 lisse,
424 2317 589 2395 perscribis
634 2321 670 2378 ln
693 2337 752 2395 quo
777 2317 801 2377 si
820 2316 878 2377 iam
902 2327 1002 2377 nostra
1024 2319 1102 2377 salus
1131 2337 1200 2379 eum
1227 2321 1285 2381 hac

321 2411 387 2487 lege
410 2409 567 2486 desperata
589 2406 651 2479 erit,
677 2405 766 2466 velim
789 2425 843 2484 pro
866 2415 918 2465 tuo
941 2405 973 2465 in
997 2425 1045 2465 me
1071 2425 1173 2467 amore
1204 2409 1284 2470 hanc

321 2496 442 2559 inanem
476 2516 573 2557 meam
607 2494 790 2573 diligentiam
819 2493 1018 2555 miserabilem
1054 2494 1154 2573 potius
1189 2516 1282 2574 quarn

321 2586 452 2666 ineptam
476 2595 563 2664 putes
575 2603 583 2660 ;
627 2583 673 2645 sin
697 2595 742 2644 est
771 2582 884 2660 aliquid
906 2583 980 2661 spei,
1004 2583 1058 2643 des
1084 2603 1217 2661 operam,
1249 2596 1283 2646 ut

259 2686 295 2744 15
321 2676 432 2737 maiore
455 2674 609 2753 diligentia
631 2675 756 2752 posthac
780 2693 798 2732 a
820 2671 927 2733 nostris
943 2670 1161 2750 magistratibus
1177 2676 1284 2735 defen·

322 2765 438 2823 damur.
485 2767 562 2824 Nam
587 2783 622 2822 ea
644 2773 778 2823 veterum
807 2761 993 2820 tribunorum
1017 2764 1058 2839 pl.
1087 2762 1201 2839 rogatio
1226 2763 1285 2823 tria
1346 2759 1347 2784 ³

322 2851 419 2930 capita
440 2851 553 2926 habuit,
578 2871 671 2912 unum
695 2853 733 2911 de
757 2849 855 2912 reditu
876 2867 954 2923 meo,
973 2849 1113 2929 scriptum
1136 2850 1282 2913 incaute:
1346 2855 1347 2930 J

357 3109 381 3161 3.
392 3112 499 3145 mensem
508 3098 674 3149 Ianuarium.
688 3099 700 3147 I
713 3113 773 3147 coa·
865 3109 904 3161 13.
919 3097 1042 3146 inanem:
1059 3096 1166 3161 inutile;
1183 3093 1197 3146 ὲ
1211 3099 1287 3148 attri-

321 3168 370 3218 soli
383 3167 509 3234 designati
522 3175 658 3217 entravano
672 3169 698 3217 in
715 3168 772 3217 uili-
826 3168 898 3220 buto.

320 3240 362 3287 cio
371 3238 391 3288 il
400 3239 483 3304 primo
493 3237 519 3286 di
529 3239 650 3301 germaio:
663 3246 700 3288 tra
711 3255 771 3305 que·
866 3251 905 3301 14.
925 3238 1054 3303 ineptam:
1072 3239 1183 3299 sciocca3
1197 3236 1211 3288 ὲ
1225 3257 1286 3306 pre·

320 3310 353 3359 sti
365 3325 408 3360 era
416 3309 536 3370 Lentulo,
543 3310 590 3360 che
600 3325 661 3359 avea
670 3309 772 3358 formal·
826 3309 918 3361 dicato.

321 3386 407 3430 mente
429 3395 558 3446 promesso
582 3380 609 3429 di
628 3381 772 3446 adoperarsi
866 3390 904 3445 15.
934 3380 1122 3446 defendamur:
1145 3381 1183 3430 sia
1210 3381 1286 3431 favo-

320 3467 367 3518 per
385 3450 424 3499 iar
441 3451 575 3501 richiamar
596 3451 727 3501 Cicerone.
827 3451 884 3501 rito.

356 3537 381 3584 4.
409 3523 519 3572 studia...
545 3523 702 3572 voluntate...
729 3539 772 3570 ra·
865 3523 904 3572 16.
927 3523 1040 3588 rogatio:
1066 3523 1086 3572 il
1110 3530 1229 3588 progetto
1255 3527 1284 3574 di

321 3597 404 3643 tione:
416 3593 561 3644 affezione...
575 3593 771 3645 benevolenza...
826 3595 911 3660 legge.

320 3664 449 3714 condotta.
865 3665 1013 3727 17.habuit:
1024 3666 1058 3716 ha
1070 3672 1160 3726 avuto;
1175 3667 1283 3732 quindi:
