2788 4286
328 294 369 353 74
665 292 698 334 ru.
722 291 752 337 r.
776 287 938 333 cronnours

325 417 427 478 didere
453 426 505 476 aut
527 417 687 476 obscurum
703 426 754 475 aut
776 415 839 475 eius
854 416 945 488 modi,
969 417 1051 492 quod
1074 415 1189 478 silentio
1210 437 1270 496 pos-

282 523 298 584 5
325 516 371 566 set
392 503 553 583 praeteriri.
604 507 682 564 Nam
706 514 736 564 et
758 524 826 566 cum
849 505 1020 565 consulibus
1042 516 1073 565 et
1095 526 1162 567 cum
1178 506 1271 567 multis

324 583 528 656 consularibus
554 603 636 653 tanta
663 593 854 654 contentione
883 594 1032 654 decertavi
1056 606 1165 672 quanta
1193 615 1272 655 num·

323 703 412 762 quam
429 694 517 743 antea
532 684 592 742 ulla
607 682 638 741 in
661 701 769 757 causa;
809 682 985 760 suscepique
1008 682 1082 743 mihi
1104 695 1272 762 perpetuam

323 772 594 851 propugnationem
609 791 663 848 pro
686 771 826 832 omnibus
841 771 1022 832 ornamentis
1041 771 1107 847 tuis,
1125 773 1273 850 veterique

323 872 442 922 nostrae
466 858 677 923 necessitudini
698 857 756 920 iam
780 859 832 920 diu
863 861 1006 935 debitum,
1031 863 1083 922 sed
1106 863 1200 924 multa
1229 883 1274 922 va·

261 973 298 1010 10
323 949 426 1011 rietate
453 961 622 1028 temporum
652 947 849 1027 interruptum
880 949 1009 1010 officium
1038 939 1186 1012 cumulate
1212 952 1275 1011 red-

323 1039 396 1100 didi.
449 1041 557 1115 Neque
580 1039 748 1098 mehercule
771 1057 914 1115 umquam
932 1039 1005 1098 mihi
1028 1039 1071 1099 tui
1093 1050 1144 1100 aut
1159 1038 1276 1100 colendi

323 1138 375 1188 aut
398 1127 523 1188 ornandi
546 1129 683 1186 voluntas
705 1126 819 1203 defuit;
859 1128 912 1187 sed
935 1129 1082 1205 quaedam
1104 1139 1203 1206 pestes
1226 1131 1275 1188 ho·

323 1217 437 1277 minum
460 1217 549 1276 laude
572 1215 669 1276 aliena
691 1215 856 1276 dolentium
880 1226 910 1276 et
931 1226 961 1276 te
984 1237 1045 1277 non
1071 1236 1238 1294 numquam
1259 1237 1276 1277 a

323 1326 372 1366 me
395 1305 560 1366 alienarunt
582 1315 613 1364 et
634 1325 683 1364 me
706 1303 867 1380 aliquando
890 1304 1085 1366 immutarunt
1106 1305 1172 1367 tibi.
1220 1307 1277 1366 Sed

173 1433 177 1440 -
264 1413 298 1472 15
326 1394 436 1454 exstitit
451 1404 570 1472 tempus
585 1404 719 1471 optatum
742 1393 815 1452 mihi
838 1393 931 1470 magis
954 1415 1043 1471 quam
1063 1405 1223 1472 speratum,
1246 1405 1277 1455 ut

324 1481 539 1544 florentissimis
562 1481 620 1542 tuis
642 1483 731 1541 rebus
753 1502 821 1542 mea
842 1481 970 1560 perspici
992 1493 1093 1560 posset
1115 1494 1145 1543 et
1167 1503 1277 1544 memo·

322 1571 365 1630 ria
389 1581 506 1630 nostrae
536 1570 695 1631 voluntatis
726 1581 756 1630 et
786 1570 932 1631 amicitiae
962 1573 1056 1632 fides:
1100 1591 1165 1632 sum
1196 1572 1277 1633 enirn

323 1669 509 1733 consecutus,
534 1679 597 1719 non
612 1660 704 1719 modo
719 1669 753 1718 ut
767 1660 874 1721 domus
889 1670 942 1720 tua
955 1670 1025 1734 tota,
1043 1662 1097 1721 sed
1116 1671 1149 1720 ut
1171 1672 1278 1723 cuneta

323 1747 426 1808 civitas
448 1768 497 1808 me
520 1747 575 1808 tibi
602 1746 810 1808 amicissimum
833 1767 896 1808 esse
921 1760 1124 1826 cognosceret.
1173 1753 1277 1827 Itaque

254 1857 297 1895 ao
323 1847 353 1896 et
377 1836 625 1915 praestantissima
647 1837 782 1896 omnium
801 1837 986 1912 feminarum,
1011 1857 1085 1898 uxor
1099 1849 1159 1914 tua,
1176 1850 1206 1899 et
1224 1838 1278 1899 exi·

357 2153 382 2201 4.
402 2140 496 2202 quod...
505 2146 597 2202 posset.
611 2139 634 2188 Il
648 2139 771 2203 congiun-

321 2211 374 2261 tivo
393 2205 407 2258 ὲ
426 2215 490 2258 retto
509 2209 577 2258 dalla
593 2210 771 2276 proposizione

321 2280 463 2346 principale
472 2281 598 2344 negativa,
607 2281 772 2347 l’imperfetto

320 2353 363 2400 dal
384 2359 471 2416 tempo
490 2351 582 2400 storico
592 2351 661 2414 fuit.

357 2423 382 2474 6.
401 2429 475 2472 tanta
501 2424 659 2472 contentione
687 2423 770 2471 decer-

321 2497 393 2544 tavi:
423 2493 529 2543 discussi
556 2510 605 2543 con
634 2500 705 2542 tanto
732 2509 771 2543 ca·

320 2565 382 2616 lore.
598 2561 600 2568 ⁴

360 2649 399 2686 ιο.
419 2637 533 2702 officium
558 2637 686 2686 cumulata
713 2637 770 2684 red·

321 2709 377 2756 didi
385 2726 394 2757 .·
417 2708 451 2756 ho
471 2723 527 2756 reso
546 2708 670 2757 amisum
689 2707 772 2756 colma

320 2777 340 2826 il
359 2778 475 2842 servigio.

359 2862 399 2897 11.
419 2850 459 2898 tni
475 2856 524 2898 aut
541 2849 639 2898 colendi
662 2856 711 2897 aut
727 2855 769 2896 at-

320 2919 420 2968 nandi:
445 2918 471 2967 di
496 2920 593 2968 servirti
617 2934 633 2967 o
658 2919 684 2967 di
707 2919 769 2968 esal·

320 2989 385 3038 tarti.

360 3072 399 3110 12.
422 3067 506 3124 pestes
530 3062 678 3110 hominum:
703 3061 769 3126 pesti

320 3131 344 3179 d'
358 3131 464 3181 nomini.
493 3130 560 3180 Nota
587 3133 717 3182 l'astratto
745 3132 770 3182 al

319 3201 419 3268 plurale
444 3217 489 3267 per
514 3203 624 3252 indicare
649 3204 673 3253 le
701 3203 768 3254 varie

320 3273 404 3339 specie
434 3273 461 3322 di
491 3274 565 3338 pesti.
596 3271 648 3324 cfr.
682 3273 707 3324 S.
739 3274 767 3324 F.

318 3357 344 3406 9,
365 3361 387 3393 a.

359 3428 398 3480 13.
417 3432 470 3464 nan
492 3431 695 3480 numquam...
721 3415 768 3464 ali·

316 3487 437 3549 qnando:
456 3481 501 3552 piir
520 3488 602 3536 d'una
620 3486 714 3537 volta...
734 3493 769 3536 ta·

318 3558 381 3607 lora.
430 3601 431 3604 ,

357 3643 396 3692 14.
415 3645 453 3678 nze
469 3629 643 3679 immutarunt
655 3630 714 3680 tibi:
732 3628 768 3678 mi

826 2138 910 2188 secero
938 2138 1050 2188 cambiar
1080 2138 1237 2190 sentimento
1264 2157 1278 2189 a

826 2217 870 2259 tuo
890 2210 1015 2274 riguardo.

865 2281 903 2330 16.
913 2281 1107 2346 florentissimis
1120 2282 1173 2330 tuit
1186 2283 1278 2330 rebus:

826 2353 933 2401 essendo
968 2359 994 2399 tu
1031 2352 1122 2415 giunto
1159 2351 1278 2418 all'apice

826 2422 894 2472 della
911 2422 1000 2486 gloria.

864 2504 903 2556 17.
923 2501 1026 2542 nostrae
1038 2494 1197 2542 uoluntatis:
1210 2495 1279 2545 della

825 2564 955 2630 reciproca
982 2573 1068 2613 nostra
1094 2563 1277 2617 benevolenza.

825 2661 858 2670 --
871 2635 958 2701 fides:
977 2632 1103 2686 sincerita.

866 2705 903 2754 18.
914 2714 991 2756 tota...
1002 2714 1102 2765 cuncta,
1113 2705 1279 2757 differiscono

824 2777 851 2825 in
871 2773 927 2827 oid:
948 2784 1016 2826 tatus
1041 2785 1208 2842 rappreseuta
1229 2794 1279 2828 uua

824 2846 944 2911 integritl
960 2848 1103 2912 originaria,
1117 2847 1184 2898 dalla
1202 2850 1279 2916 quale

822 2933 935 2968 nascono
954 2919 977 2969 le
996 2919 1072 2983 parti;
1096 2927 1208 2970 cunctus
1228 2937 1281 2970 una

824 2986 943 3053 integritt
968 2990 994 3038 di
1019 2989 1121 3048 unione,
1148 2991 1219 3042 ossia
1243 3008 1279 3041 un

824 3067 890 3110 tutto
921 3076 994 3111 come
1024 3076 1122 3110 somma
1151 3062 1193 3111 de’
1223 3064 1280 3114 suoi

823 3133 995 3197 componenti.
1014 3122 1126 3181 Tradrici
1146 3140 1218 3184 tata:
1238 3135 1279 3183 in·

823 3209 889 3261 tera;
909 3210 1014 3254 cuncta:
1033 3211 1098 3252 tutta
1116 3212 1223 3269 quanta.

859 3287 900 3324 20.
915 3275 1141 3338 praestantissima
1158 3278 1279 3326 omnium

815 3345 988 3411 feminarum,
1002 3361 1070 3393 uxor
1084 3352 1145 3394 tua:
1164 3353 1208 3396 tua
1224 3363 1279 3396 mo·

822 3415 882 3480 glie,
896 3416 981 3464 donna
991 3416 1029 3464 fra
1039 3422 1103 3465 tutte
1115 3415 1277 3468 elettissima.

822 3487 886 3537 Pare
896 3487 943 3537 che
954 3486 1073 3537 Suetonio
1081 3486 1146 3552 (Iul.
1162 3490 1210 3552 50)
1224 3505 1279 3540 non

822 3557 848 3606 la
873 3573 992 3624 pensasse
1015 3557 1067 3607 allo
1091 3564 1171 3608 stesso
1196 3561 1279 3610 modo

822 3629 888 3678 circa
905 3627 1030 3680 Tertulla.
