2786 4280
343 335 511 381 EPISTULAE
533 301 754 380 snuucrnss'-
778 337 826 383 ΕΡ.
850 337 907 381 l·ll.
1067 341 1101 380 11

148 481 207 542 pus
230 462 344 535 videm,
367 461 533 524 accesserit.
578 465 673 522 Varro
701 460 775 521 mihi
797 462 866 522 satis
894 462 972 526 facit.
1018 467 1105 525 Pom·
1175 499 1178 508 ι

148 551 236 630 ¹peius
258 549 391 628 loquitur
414 550 564 612 divinitus.
610 553 703 628 Spero
734 570 790 610 nos
811 561 863 612 aut
892 572 959 612 cum
991 572 1106 613 summa

149 639 243 719 gloria
266 650 318 701 aut
346 649 425 700 certe
456 638 520 700 sine
549 639 686 700 molestia
715 638 906 701 discessuros.
953 644 1001 701 Tu
1032 641 1105 720 quid

148 749 227 807 agas,
255 730 554 808 quemadmodum
577 739 606 789 te
622 730 763 802 oblectes,
789 749 857 789 cum
881 728 1025 808 Sicyoniis
1041 750 1105 808 cge-

148 818 196 892 tis,
223 829 258 878 ut
280 816 380 892 sciam,
404 836 483 879 cura.
905 807 911 816 ’
1128 822 1169 896 65

184 1029 227 1078 61.
249 1028 342 1079 Varro.
356 1028 392 1078 M.
405 1028 465 1078 Ter.
478 1028 599 1092 Varrone,
655 1028 755 1078 abitava
772 1044 823 1078 una
842 1028 945 1094 regione
969 1028 1012 1077 del
1030 1027 1104 1078 Pelo·

147 1101 166 1149 il
189 1096 236 1165 piis
261 1099 333 1163 dotto
357 1114 435 1148 nomo
459 1098 486 1147 di
510 1098 600 1159 Roma,
656 1115 771 1165 ponneso
795 1099 993 1159 settentrionale‚
1012 1099 1038 1148 la
1062 1100 1103 1148 cui

146 1171 240 1221 intimo
262 1170 346 1220 amico
371 1169 398 1220 di
423 1168 553 1229 Cicerone.
573 1170 601 1218 su
656 1171 764 1236 capitale
782 1186 824 1222 era
849 1170 964 1235 Sicyone,
985 1169 1045 1220 sede
1068 1186 1104 1219 un

147 1257 185 1290 un
203 1241 303 1292 zelante
323 1241 473 1302 sostenitore
492 1240 551 1290 dell'
563 1240 601 1290 in·
657 1249 743 1306 tempo
768 1241 795 1290 di
817 1257 868 1291 una
892 1242 992 1292 celebre
1017 1240 1105 1291 scuola

146 1312 242 1362 dirizzo
272 1327 379 1362 romano
417 1311 501 1362 antico
533 1311 602 1361 nella
655 1313 681 1361 di
697 1313 799 1378 pittura.
820 1309 1105 1378 Questacittlgiuceva
1168 1374 1169 1379 ¹

146 1384 304 1433 letteratura.
654 1399 742 1448 presso
760 1383 776 1432 l'
783 1383 888 1434 odierna
904 1383 1028 1450 Vssilika.
1051 1382 1104 1445 Qui

183 1453 227 1503 62.
247 1471 295 1503 nos
313 1473 349 1493 =
366 1470 413 1503 me.
654 1454 674 1503 il
686 1470 763 1504 nome
776 1455 819 1505 del
837 1454 933 1520 popolo
946 1450 960 1503 ὲ
973 1461 1045 1504 usato
1058 1469 1104 1519 per

184 1525 227 1588 64.
259 1525 392 1589 Sicyoniis.
425 1525 524 1590 Popolo
554 1525 600 1575 che
654 1525 741 1590 quello
754 1526 796 1576 del
805 1541 888 1593 paese.
902 1525 955 1576 cfr.
968 1525 993 1576 S.
1004 1526 1032 1586 F,
1043 1525 1067 1586 6,
1077 1525 1103 1575 d.

418 1993 457 2052 11.
482 1991 539 2066 (ad
557 1994 686 2050 Atticum
710 1994 747 2064 ΙΙ,
775 1989 838 2070 22).

188 2147 318 2198 Continua
336 2166 352 2199 a
370 2145 468 2216 pariare
487 2149 555 2200 delle
575 2151 689 2199 minacce
708 2149 735 2198 di
753 2147 852 2209 Clodio,
872 2165 887 2199 e
905 2165 984 2216 prega
995 2148 1104 2198 l'amico

146 2235 164 2268 a
176 2221 307 2280 simmam,
327 2217 420 2286 perche
436 2237 510 2286 spera
528 2221 608 2270 molto
626 2220 670 2270 nel
689 2236 736 2270 suo
755 2220 892 2285 appoggio.
911 2221 949 2270 La
967 2220 1057 2271 lettera
1075 2219 1104 2269 iu

146 2291 234 2341 scritta
253 2291 390 2370 nell'upno
410 2292 459 2357 695
480 2289 538 2357 (59)
557 2292 576 2341 il
594 2307 664 2342 mese
681 2291 709 2341 di
727 2297 825 2356 agosto.
1103 2309 1106 2316 ⁴

442 2537 570 2588 CICERO
589 2538 722 2588 ATTICO
741 2539 813 2590 SAL.
844 2591 846 2596 ,

191 2685 291 2759 Quam
325 2684 434 2742 vellem
464 2685 580 2742 Romae
610 2683 767 2744 mansisses
781 2669 790 2743 l
842 2681 1002 2743 Mansisses
1035 2695 1103 2760 pro·

144 2774 236 2845 fecto,
262 2770 286 2832 si
308 2774 383 2832 haec
404 2773 467 2831 fore
489 2780 684 2848 putassemus.
731 2773 809 2831 Nam
832 2772 1018 2832 Pulchellum
1049 2791 1101 2832 no·

145 2871 240 2922 strum
263 2859 402 2922 facillime
417 2870 585 2922 teneremus
600 2870 651 2920 aut
673 2869 761 2935 certe,
779 2858 853 2937 quid
868 2870 946 2921 esset
960 2863 1099 2934 facturus,

145 2949 222 3011 scire
243 2967 409 3028 possemus.
447 2951 536 3009 Nunc
558 2967 590 3009 se
613 2968 660 3008 res
676 2949 718 3010 sic
734 2950 833 3011 habet.
872 2948 1101 3024 Volitat,su1it;

144 3036 221 3098 nihil
243 3040 336 3098 habet
357 3037 439 3111 certi,
463 3037 562 3098 multis
586 3037 761 3128 denuntiat;
801 3039 883 3115 quod
905 3040 965 3098 fors
988 3039 1103 3098 obtule·
1127 3054 1145 3114 5

184 3262 209 3300 2.
240 3248 416 3307 Pulchellum,
445 3247 598 3313 appellativo
654 3243 823 3310 Congiuntivi
841 3247 977 3312 potenziuli
992 3245 1103 3313 delpas·

145 3319 174 3368 di
193 3319 295 3385 spregio
319 3335 366 3384 per
382 3318 485 3380 Clodio,
504 3319 551 3370 che
576 3319 597 3368 si
651 3325 713 3368 sato.
727 3316 780 3367 Cfr.
793 3317 819 3368 S.
833 3331 892 3382 234.
906 3330 935 3381 33
955 3319 990 3370 M.
1004 3317 1064 3382 308,
1079 3336 1101 3370 a.
1197 3331 1198 3334 ’

140 3390 279 3440 *chiamava
323 3390 443 3438 Pulcher.
486 3389 598 3440 Traduci
687 3403 712 3450 4.
725 3390 807 3437 Nunc
817 3391 861 3456 qui
874 3389 958 3438 indica
968 3389 1101 3439 l'antitesi:

148 3480 161 3506 ι
182 3459 284 3510 Bellino
300 3477 312 3503 ι
326 3461 597 3526 sebbenel'aggettivo
652 3476 696 3510 ora
713 3455 783 3524 pero,
803 3477 845 3510 ma
870 3475 921 3510 ora.
940 3477 974 3496 -ι
998 3460 1102 3520 Volitat,

147 3551 162 3576 ε
182 3531 281 3581 bello·
301 3531 339 3581 sia
356 3531 383 3580 di
398 3532 481 3582 radice
499 3531 598 3582 diversa
643 3531 737 3596 furii:
755 3531 777 3580 si
789 3532 877 3597 uggira
889 3530 1102 3581 insolentemente

148 3602 182 3652 du
199 3601 287 3668 quella
304 3603 347 3652 del
365 3602 445 3652 latino
460 3603 579 3668 pulcher.
652 3616 700 3652 con
719 3602 817 3652 un¹aria
834 3603 861 3651 di
879 3601 1042 3668 spavalderia.
1104 3641 1107 3650 ,

186 3685 210 3738 3.
230 3681 433 3724 teneremus...
456 3682 597 3738 possemus.
688 3682 711 3738 5.
730 3673 882 3724 denuntiat:
900 3672 1030 3722 minaccia.
