2788 4286
259 345 266 354 ’
358 337 528 385 snrsrunsn
551 342 706 386 senseras
729 333 772 370 -'-
795 343 843 386 ΕΡ.
866 343 952 389 xviri,
1043 346 1129 408 -79

168 476 298 550 pateret,
323 490 387 530 esse
410 472 545 532 facturos
598 473 702 548 Itaque
724 489 792 531 cum
821 469 949 530 exercitu
973 492 1026 549 per
1056 474 1131 552 Cap-

170 559 319 639 padociae
341 571 457 638 partem
479 580 554 632 eam,
579 579 655 636 quae
678 579 746 621 cum
771 557 875 620 Cilicia
897 559 1053 621 continens
1073 573 1128 637 est,
1161 581 1199 642 ¹5

170 647 232 710 iter
253 648 310 710 feci
333 659 486 725 castraque
508 650 547 708 ad
571 648 714 727 Cybistra,
740 649 821 724 quod
848 647 994 725 oppidum
1018 660 1063 710 est
1092 654 1132 712 ad

170 748 309 799 montem
331 741 472 812 Taurum,
496 736 602 811 locavi,
627 748 660 796 ut
681 738 853 808 Artuasdes,
880 755 933 795 rex
960 741 1129 816 Armenius,

170 846 365 904 quocumque
387 825 488 886 animo
510 836 596 900 esset,
620 825 709 888 sciret
731 846 792 886 non
815 827 918 903 procul
940 847 959 885 a
985 827 1045 887 suis
1067 831 1131 890 fini-

168 919 232 978 bus
253 915 414 976 exercitum
437 936 466 993 p.
489 918 528 977 R.
553 934 626 989 esse,
659 926 689 975 et
711 915 894 987 Deiotarum,
926 915 1130 978 fidelissimum

168 1024 275 1082 regem
297 1015 386 1080 atque
408 1003 619 1065 amicissimum
641 1004 683 1063 rei
707 1024 736 1082 p.
759 1014 886 1075 nostrae,
912 1004 1037 1066 maxime
1061 1026 1130 1067 con·
1156 1029 1199 1067 ao

168 1094 306 1155 iunctum
329 1095 480 1167 haberem,
505 1093 589 1153 cuius
612 1103 642 1152 et
664 1090 788 1154 consilio
811 1103 841 1153 et
868 1091 975 1169 opibus
998 1094 1130 1156 adiuvari

167 1191 274 1262 posset
295 1201 342 1242 res
365 1202 395 1260 p.

217 1273 287 1346 Quo
310 1290 378 1332 cum
401 1269 433 1329 in
455 1272 522 1331 loco
553 1281 647 1332 castra
675 1271 817 1330 haberem
840 1271 1063 1349 equitatumque
1097 1272 1129 1332 in

168 1359 307 1422 Ciliciam
329 1358 484 1431 misissem,
509 1370 542 1419 ut
565 1369 594 1419 et
616 1377 701 1419 meus
723 1361 870 1420 adventus
893 1359 928 1420 iis
950 1359 1127 1436 civitatibus,

167 1469 248 1526 quae
271 1449 303 1507 in
326 1467 362 1508 ea
383 1459 466 1526 parte
482 1458 588 1521 essent,
605 1448 758 1508 nuntiatus
772 1448 916 1510 firmiores
931 1449 1047 1509 animos
1068 1470 1130 1510 om·
1155 1467 1195 1528 25

166 1538 256 1598 nium
278 1539 395 1610 faceret,
421 1548 451 1597 et
473 1555 529 1615 ego
559 1547 681 1610 mature,
710 1537 784 1614 quid
809 1548 945 1616 ageretur
974 1538 1006 1598 in
1035 1539 1128 1616 Syria,

166 1625 246 1687 scire
271 1645 399 1703 possem,
428 1636 546 1704 tempus
577 1625 640 1686 eius
662 1625 759 1699 tridui,
792 1628 874 1704 quod
905 1627 936 1686 in
965 1625 999 1688 iis
1028 1627 1129 1688 castris

166 1717 316 1788 morabar,
341 1715 373 1774 in
396 1735 504 1792 magno
520 1713 618 1775 officio
634 1725 665 1774 et
679 1715 845 1777 necessario
860 1715 933 1776 mihi
952 1719 1127 1794 ponendum

166 1802 284 1883 putavi.
308 1879 311 1886 Ι
338 1805 416 1864 Cum
439 1803 518 1863 enim
541 1814 638 1864 vestra
660 1804 818 1864 auctoritas
845 1804 1066 1879 intercessisset,
1097 1816 1129 1866 ut

166 1913 229 1971 ego
250 1911 351 1970 regem
372 1892 603 1953 Ariobarzanem
629 1894 779 1952 Eusebem
802 1903 833 1953 et
860 1893 1124 1954 Philorhomaeum
1151 1915 1195 1972 30

164 1992 269 2042 tuerer
292 1980 414 2059 eiusque
436 1981 512 2059 regis
534 1983 659 2042 salutem
683 1992 713 2041 et
735 1980 970 2043 incolumitatem
990 2001 1127 2061 regnum·

207 2201 249 2257 15.
269 2207 409 2256 quaecum
430 2191 519 2242 Cilicia
540 2195 621 2242 conti-

165 2281 235 2315 nens
254 2272 304 2313 est:
323 2264 369 2313 che
387 2261 487 2313 confina
499 2263 566 2312 colla
578 2263 621 2314 Ci-

164 2336 237 2386 licia.

206 2405 248 2455 16.
270 2405 400 2468 Cybistra:
419 2405 537 2464 Cibistrr,
560 2402 620 2454 cittl

164 2477 238 2528 della
256 2474 417 2541 Cappadocia
438 2477 462 2526 ai
483 2476 553 2540 piedi
578 2477 620 2526 del

165 2550 265 2599 Tauro.

207 2617 247 2668 18.
267 2635 426 2682 quocumque
437 2619 523 2668 animo
542 2626 620 2667 esset:

165 2689 317 2757 qualunque
343 2689 410 2739 losse
428 2689 453 2738 la
472 2704 517 2738 sua
535 2689 620 2738 inten-

164 2763 248 2810 zione.
273 2756 382 2809 Essete
407 2760 431 2809 al
454 2759 619 2824 congiuntivo

164 2825 261 2900 perche
279 2830 434 2898 dipeudente
457 2831 485 2880 in
508 2830 618 2880 secondo

164 2902 254 2969 grado.
269 2901 367 2964 Questo
382 2902 515 2961 Artuasde‚
531 2916 558 2950 re
570 2902 618 2950 Ar·

164 2988 252 3035 meno,
275 2989 318 3023 era
336 2979 444 3037 cognato
462 2973 489 3021 di
511 2972 615 3036 Pacoro,

165 3044 239 3110 figlio
256 3043 284 3092 di
306 3043 391 3094 Orode
415 3061 442 3094 re
467 3043 508 3093 dei
533 3043 617 3102 Parti,

164 3111 253 3182 percio
265 3114 288 3164 si
299 3122 376 3180 potea
388 3115 558 3180 giustamente
570 3115 616 3163 du-

162 3187 247 3237 bitare
266 3185 334 3235 della
352 3203 398 3236 sua
416 3182 510 3237 fedeltl
523 3186 617 3236 versoi

162 3257 285 3307 Romani.

204 3341 244 3390 19.
279 3328 449 3378 Deiotarum:
484 3328 616 3388 Deiotaro,

165 3406 274 3450 tetrarca
295 3399 363 3448 della
381 3399 492 3458 Galaria,
519 3395 589 3449 aiutd
608 3399 618 3448 i

163 3470 280 3536 generali
298 3470 396 3519 romani
413 3469 482 3519 nella
504 3471 617 3521 maniera

163 3538 209 3608 pil
235 3539 340 3592 efficace
366 3549 455 3592 contro
478 3541 615 3602 Mitridate,

162 3613 232 3663 onde
251 3612 272 3661 11
289 3611 383 3663 Senato
401 3612 438 3677 gli
456 3612 531 3663 diede
547 3613 566 3661 il
587 3613 616 3662 ti·

162 3683 219 3736 tolo
231 3683 259 3733 di
277 3699 304 3734 re
324 3699 338 3733 e
357 3683 516 3749 gl¹ingrandi
535 3684 554 3733 il
568 3690 616 3733 ter·

675 2192 770 2242 ritorio.
779 2193 817 2242 Fu
824 2209 924 2259 sempre
935 2194 1008 2244 caldo
1018 2210 1127 2260 seguaee

674 2264 717 2315 del
735 2264 832 2330 popolo
850 2265 976 2315 Romano.

711 2349 752 2387 21.
772 2337 872 2386 cuius...
886 2344 980 2400 posset,
1001 2337 1127 2400 congiun-

675 2408 727 2456 tivo
745 2407 915 2455 consecutivo.

710 2490 752 2540 23.
774 2478 829 2537 Quo
847 2497 883 2518 =
901 2478 941 2525 Et
957 2478 1009 2526 hoc.

710 2557 752 2612 25.
771 2564 862 2610 quae...
882 2556 971 2605 essent,
990 2543 1084 2613 perche
1107 2548 1126 2597 il

673 2618 859 2682 congiuntivo?

709 2699 751 2752 27.
777 2696 876 2752 ternpus
901 2690 954 2738 eius
979 2690 1124 2738 tridui...

668 2760 837 2825 ponendum:
871 2759 949 2809 dover
984 2760 1126 2825 impiegare

673 2831 733 2898 quei
752 2837 790 2879 tre
807 2829 898 2894 giomi.

708 2899 751 2952 28.
769 2901 798 2949 in
817 2917 909 2967 magna
934 2901 1018 2969 afficio
1041 2909 1066 2951 et
1082 2919 1124 2952 ne·

672 2973 796 3023 cessaria:
814 2971 842 3020 in
860 2988 912 3022 una
927 2973 1023 3037 grande
1042 2974 1125 3023 dimo-

672 3043 797 3094 straaione
816 3043 842 3091 di
861 3044 976 3105 cortesia,
990 3061 1005 3094 a
1017 3045 1058 3094 oui
1072 3061 1124 3094 non

671 3121 765 3182 poteva
783 3115 918 3165 sottrarmi.

707 3197 749 3251 ²9·
773 3185 836 3234 Cum
855 3186 921 3235 enim
939 3194 1026 3236 vestra
1037 3194 1125 3236 aucto-

671 3257 738 3305 ritas
756 3271 822 3306 ecc.:
848 3254 945 3317 Infatti,
966 3258 1064 3308 avendo
1082 3258 1125 3306 voi

671 3341 744 3377 come
768 3327 903 3378 mediatori
927 3329 1084 3394 provveduto
1109 3345 1125 3377 a

670 3399 718 3448 che
736 3414 788 3449 ecc.

707 3482 749 3534 30.
777 3471 901 3519 Eusebem
933 3479 959 3520 et
987 3469 1123 3520 Philorho-

671 3557 786 3591 maeum:
804 3541 906 3592 Eusebe
925 3557 939 3590 e
960 3541 1122 3591 Filoromeoz

670 3612 721 3662 due
739 3612 903 3677 soprannomi
922 3611 1037 3662 onorifici
1051 3610 1122 3660 attri-

670 3683 737 3732 buiti
756 3683 798 3732 dai
815 3683 926 3733 Romani
944 3683 976 3733 ad
1001 3681 1122 3732 Ariobar-
