2788 4286
312 283 372 338 106

648 295 682 336 M.
705 294 735 338 Τ.
759 293 921 336 CICERONIS

308 421 396 482 scessi
419 423 457 480 ab
481 441 517 481 eo
540 422 633 493 bello,
658 419 690 479 in
714 439 774 496 quo
797 429 848 479 aut
870 419 900 478 in
923 419 986 481 acie
1009 421 1179 481 cadendum
1212 421 1272 482 suit

236 533 259 592 g3
266 530 281 590 5
307 521 357 570 aut
380 509 411 569 in
433 510 547 586 aliquas
570 509 694 569 insidias
717 509 910 569 incidendum
925 519 977 568 aut
996 508 1221 569 deveniendum
1236 511 1271 570 in

308 599 426 660 victoris
449 619 554 658 manus
576 609 628 657 aut
641 599 680 658 ad
697 600 802 658 Iubam
825 597 1057 674 confugiendum
1079 609 1130 658 aut
1145 599 1271 677 capien-

306 691 363 748 dus
385 700 536 766 tamquam
568 686 671 748 exsilio
690 688 773 747 locus
796 698 848 746 aut
870 685 1082 748 consciscenda
1109 707 1191 748 mors
1215 707 1272 748 vo·

306 777 442 838 luntaria.
482 780 570 838 Certe
593 775 667 836 nihil
685 774 739 835 suit
754 787 914 854 praeterea,
939 775 1016 836 site
1039 775 1145 836 victori
1167 779 1272 838 nolles

306 864 1269 940 mmmmmmmmefflmffimmmss

233 978 280 1032 ,40
304 975 380 1032 quae
403 955 473 1026 dixi,
497 953 697 1014 incommodis
725 953 800 1014 nihil
830 952 1012 1014 tolerabilius
1044 953 1155 1028 exsilio,
1182 974 1272 1033 prae·

306 1044 406 1105 sertim
428 1042 589 1117 innocenti,
607 1041 659 1102 ubi
681 1044 763 1102 nulla
778 1042 944 1102 adiunctast
966 1041 1142 1120 turpitudo;
1184 1045 1271 1104 addo

306 1133 413 1194 etiam:
452 1152 521 1193 cum
544 1152 579 1196 ea
602 1134 675 1192 urbe
698 1139 806 1207 careas,
830 1131 862 1190 in
878 1150 938 1208 qua
954 1131 1029 1191 nihil
1044 1131 1089 1204 sit,
1115 1135 1203 1209 quod
1226 1133 1271 1192 vi·

306 1224 377 1282 dere
400 1221 495 1300 possis
518 1221 581 1281 sine
604 1222 718 1280 dolore.
764 1224 829 1298 Ego
851 1239 920 1280 cum
943 1220 1025 1293 meis,
1057 1219 1081 1280 si
1105 1221 1272 1298 quicquam

307 1331 387 1372 nnnc
409 1310 582 1386 cuiusquam
607 1320 657 1380 est,
683 1308 771 1370 etiam
794 1309 826 1368 in
849 1307 923 1368 meis
946 1328 1009 1370 esse
1033 1308 1134 1371 malui.
1178 1312 1272 1387 Quae

235 1420 281 1480 ‚45
307 1400 487 1474 acciderunt,
512 1399 612 1460 omnia
635 1399 696 1458 dixi
719 1401 825 1458 sutura.
848 1397 949 1457 ‘Veni
965 1400 1098 1469 domum,
1124 1419 1188 1459 non
1206 1420 1272 1477 quo

307 1489 420 1567 optima
443 1488 563 1547 vivendi
585 1487 723 1548 condicio
746 1497 831 1559 esset,
856 1489 909 1546 sed
932 1497 1041 1562 tamen,
1067 1487 1090 1546 si
1113 1499 1193 1547 esset
1217 1489 1272 1548 ali·

307 1598 367 1654 qua
381 1579 476 1636 forma
490 1577 533 1635 rei
556 1597 596 1654 p,
615 1587 766 1654 tamquam
789 1575 820 1635 in
836 1575 930 1654 patria
946 1586 979 1636 ut
994 1595 1098 1648 essem,
1123 1576 1149 1636 si
1171 1580 1269 1651 nulla,

308 1677 459 1743 tamquam
483 1665 515 1724 in
545 1663 659 1725 exsilio.
704 1668 834 1741 Mortem
867 1663 940 1724 mihi
963 1685 1015 1725 cur
1038 1665 1270 1741 consciscerem,

308 1753 1273 1832 mmmmmmwmmmmmmvms

238 1843 630 1924 5oememm,uhinon
654 1842 712 1917 ms
737 1841 1172 1920 quisuemS,nonesse
1200 1865 1273 1905 cur

306 1933 1273 2010 vffimeSmmwmmmmmmm

307 2021 459 2093 solacium,
485 2019 657 2098 praesertim
681 2040 748 2080 cum
773 2022 900 2080 habeam
915 2022 990 2080 duas
1013 2041 1068 2096 res,
1083 2019 1192 2100 quibus
1218 2042 1272 2082 me

289 2120 480 2182 sustentem,
506 2109 684 2186 optimarum
707 2107 812 2170 artium
837 2108 989 2170 scientiam
1012 2119 1043 2169 et
1069 2109 1271 2172 maximarum

344 2371 385 2420 34.
406 2357 546 2404 cadendum
563 2355 642 2419 fuit:
667 2371 757 2406 conve·

307 2428 366 2479 aiva
385 2427 485 2477 morire.

344 2501 386 2564 36.
406 2501 444 2547 ad
457 2501 567 2548 Iubam:
587 2515 602 2547 a
621 2497 714 2547 Giuba.
733 2499 757 2546 A

304 2579 397 2638 questo
417 2589 443 2622 re
462 2570 530 2619 della
549 2569 672 2618 Numidia
687 2570 708 2618 si
725 2570 756 2618 ri·

306 2643 441 2707 fugiarono
455 2644 463 2692 i
475 2642 539 2691 vinti
552 2641 710 2706 Pompeiani,
721 2641 758 2689 fa-

304 2715 415 2764 cendolo
428 2713 480 2765 cosi
494 2713 583 2762 cadere
595 2712 622 2760 in
635 2712 758 2776 disgrazia

303 2785 333 2834 di
352 2784 452 2835 Cesare.

343 2854 384 2918 38.
411 2858 434 2904 si
457 2864 505 2904 te...
530 2855 610 2903 nolles
634 2863 682 2904 aut
706 2870 757 2902 non

306 2928 416 2974 auderes
435 2926 606 2975 committere:
624 2941 718 2975 senon
737 2924 758 2973 si

306 2997 374 3045 fosse
399 2996 486 3044 voluto
510 3012 526 3044 ο
548 2997 672 3060 piuttosto
697 2996 757 3045 arri·

307 3067 403 3116 schiato
423 3085 437 3115 a
455 3067 521 3116 darsi
534 3068 561 3116 in
574 3067 648 3117 balla.
669 3069 707 3116 La
719 3085 757 3117 se·

304 3139 389 3187 conda
402 3153 509 3202 persona
521 3139 648 3202 singolare
661 3140 706 3204 qui
719 3138 756 3186 in·

305 3209 364 3257 dica
377 3225 411 3257 un
422 3217 539 3273 soggetto
552 3210 756 3260 indeterminato.

307 3279 360 3328 Ch.
380 3280 415 3328 Μ,
435 3289 494 3344 325.

343 3364 386 3412 40.
405 3368 470 3415 quae
489 3353 558 3402 dieti:
578 3353 716 3402 accennati.

343 3435 386 3482 41.
400 3425 445 3472 ube'
455 3424 529 3472 nullu
539 3425 689 3495 adjunctast
700 3431 756 3472 tur-

302 3495 396 3559 pitudo
405 3513 413 3542 .·
431 3495 474 3544 nel
493 3494 553 3559 qual
566 3509 625 3544 caso
637 3509 689 3542 non
701 3496 758 3544 avvi

306 3566 334 3614 di
353 3566 399 3615 che
417 3565 588 3630 vergognarsi.

343 3649 385 3696 42.
406 3653 518 3685 careas...
534 3637 626 3699 possis.
647 3634 700 3685 Ch.
715 3636 756 3702 38.

813 2357 867 2407 Che
886 2357 1028 2423 significato
1047 2355 1062 2407 l
1080 2358 1125 2423 qui
1143 2358 1168 2406 la
1185 2361 1271 2423 parti-

812 2429 877 2478 cella
895 2435 970 2478 cumr*
991 2456 1022 2465 -
1042 2430 1111 2478 nihil
1132 2431 1183 2478 sit:
1212 2446 1271 2480 non

812 2496 947 2620 gffouulla.
973 2497 1069 2550 Perche
1093 2500 1112 2548 il
1136 2501 1271 2564 congiun-

802 2680 806 2687 .
847 2655 890 2707 43.
907 2644 931 2691 si
942 2645 1080 2707 quicquam
1094 2659 1163 2693 nunc
1176 2645 1270 2692 cuius·

812 2731 890 2778 quam
915 2721 969 2763 est:
994 2715 1064 2764 sevi
1083 2710 1097 2762 ὲ
1118 2729 1162 2762 ora
1187 2715 1269 2778 qual·

812 2785 858 2834 che
886 2800 944 2832 cosa
972 2786 1019 2834 che
1046 2792 1201 2850 appartenga
1233 2787 1269 2834 ad

811 2855 911 2904 alcuno.
927 2856 1004 2920 Dopo
1017 2873 1075 2906 aver
1087 2856 1195 2905 tradotto
1210 2873 1267 2922 ego,

811 2927 934 2991 aggiungi
952 2927 978 2975 la
990 2927 1174 2992 congiunzione
1190 2946 1202 2970 ι
1220 2945 1268 2993 pe·

812 2994 839 3046 rd
862 3017 883 3045 ι.

846 3083 889 3130 44.
913 3069 942 3117 in
965 3073 1043 3119 meis:
1071 3070 1111 3119 sul
1135 3069 1195 3128 mio,
1222 3072 1266 3120 ne'

811 3141 871 3189 miei
890 3139 987 3204 luoghi.

845 3224 888 3272 49.
915 3211 991 3260 Vetus
1011 3220 1047 3261 est
1065 3213 1148 3262 enim:
1169 3209 1267 3276 poiche

811 3278 825 3330 ὲ
846 3281 930 3330 antico
949 3283 969 3330 il
987 3283 1064 3334 detto.

847 3364 888 3417 5ο.
908 3355 953 3402 ubi
970 3371 1022 3403 non
1040 3357 1095 3404 sis:
1112 3354 1220 3420 qualora
1238 3361 1267 3404 tu

810 3439 863 3473 non
881 3423 918 3472 sia
937 3421 982 3490 piiu
1001 3426 1043 3476 nel
1062 3426 1147 3488 grado.
1161 3451 1196 3462 -
1209 3442 1268 3476 non

810 3512 869 3552 esse,
889 3513 952 3555 cur,·
972 3496 1016 3546 cfr.
1036 3497 1071 3545 M.
1092 3507 1151 3560 327,
1175 3497 1206 3559 A,
1230 3507 1266 3564 5;

810 3566 1027 3629 &mmm

846 3640 1057 3702 53.·optimarum
1069 3640 1167 3688 artium
1183 3641 1272 3690 scien-
