2788 4286
372 295 541 339 EPISTULAE
564 295 719 338 sansone
744 311 787 322 ····
810 297 859 342 ΕΡ.
883 299 968 341 XXIV.

1084 299 1156 382 107.

172 441 287 482 <rerum
317 422 462 500 gloriam;
501 440 626 498 quarum
659 424 751 483 altera
780 422 853 484 mihi
882 424 949 484 vivo
980 443 1145 500 numquam

181 511 337 589 eripietur,
362 514 453 571 altera
475 530 514 570 ne
536 522 655 571 mortuo
677 511 808 589 quidem.
1155 530 1210 592 55

232 605 318 661 Haec
340 601 379 659 ad
401 610 431 660 te
461 598 564 677 scripsi
593 601 747 661 verbosius
777 611 807 660 et
837 600 892 660 tibi
918 603 1060 662 molestus
1090 601 1142 677 lui,

179 691 269 766 quod
293 699 413 749 tecum
436 687 495 748 mei
526 699 590 747 tum
613 689 655 748 rei
677 711 708 768 p.
739 689 865 767 cognovi
896 690 1143 752 amantissimum.

177 779 299 837 Notum
323 777 378 837 tibi
401 797 490 837 omne
514 796 615 838 meum
638 777 796 838 consilium
825 798 888 838 esse
911 779 1001 852 volui,
1035 789 1068 838 ut
1088 778 1145 856 pri·

182 885 269 926 mum
303 866 391 928 scires
421 885 470 926 me
506 885 669 943 numquam
703 867 831 928 voluisse
866 870 934 945 plus
962 887 1143 944 quemquam

170 975 277 1033 xposse
302 975 389 1034 quam
406 956 573 1015 universam
590 975 652 1014 rem
668 977 699 1034 p.
713 974 720 1031 ;
756 967 861 1034 postea
875 966 973 1015 autem
989 976 1078 1033 quam
1094 956 1143 1015 ali·
1168 959 1210 1014 60

184 1043 274 1103 cuius
290 1046 378 1123 culpa
399 1055 515 1104 tantum
530 1046 641 1103 valeret
664 1064 749 1118 uuus,
774 1055 806 1104 ut
821 1044 926 1105 obsisti
948 1065 1011 1105 non
1033 1056 1142 1123 posset,

177 1152 235 1193 ‘me
259 1133 386 1193 voluisse
410 1151 535 1210 pacem;
575 1132 683 1193 amisso
713 1133 844 1194 exercitu
875 1144 905 1193 et
927 1153 964 1193 eo
994 1136 1080 1208 duce,
1112 1133 1144 1192 in

168 1241 246 1298 1quo
269 1242 337 1300 spes
359 1225 454 1282 fuerat
484 1241 553 1294 uuo,
579 1241 628 1281 me
658 1222 786 1282 voluisse
810 1222 898 1281 etiam
929 1222 1049 1298 reliquis
1080 1242 1143 1282 om·

178 1309 295 1386 nibus3
332 1321 488 1389 postquam
505 1331 567 1370 non
591 1309 747 1387 potuerim,
765 1311 838 1370 mihi
862 1310 917 1388 ipsi
932 1309 1023 1371 finem
1040 1311 1143 1372 secisse

178 1399 276 1474 belli;
320 1419 398 1460 nunc
421 1411 529 1471 autem,
555 1399 579 1458 si
595 1400 787 1459 haeccivitas
810 1410 862 1472 est,
886 1399 981 1460 civem
1005 1420 1068 1459 esse
1083 1420 1140 1474 me,
1167 1405 1206 1477 65

165 1487 209 1546 .si
232 1507 304 1561 non,
323 1489 457 1549 exsulem
479 1508 544 1549 esse
568 1508 629 1548 nou
652 1487 889 1548 incommodiore
911 1491 987 1562 loco,
1005 1509 1095 1565 quam
1119 1488 1143 1548 si

181 1578 329 1636 Rhodum
350 1589 402 1637 aut
425 1578 585 1655 Mytilenas
607 1596 655 1636 me
678 1578 879 1638 contulissem.

227 1668 313 1727 Haec
343 1676 441 1727 tecum
472 1687 571 1727 coram
603 1668 785 1741 malueram;
830 1667 891 1738 sed,
925 1666 995 1743 quia
1024 1666 1143 1744 longius

177 1755 285 1828 fiebat,
310 1755 392 1816 volui
415 1774 470 1832 per
492 1755 602 1814 litteras
626 1755 740 1827 eadem,
773 1766 806 1814 ut
828 1756 962 1828 haberes
995 1755 1068 1832 quid
1099 1756 1142 1814 di·

176 1861 275 1916 cereS,
301 1844 326 1904 si
350 1845 471 1920 quaudo
486 1845 516 1903 in
533 1844 746 1920 vituperatores
761 1863 845 1904 meos
863 1843 1028 1906 incidisses.
1067 1847 1143 1904 Sunt
1168 1860 1207 1917 70

176 1930 276 2004 enim,
302 1933 364 2009 qui,
393 1952 462 1993 cum
485 1952 570 1993 meus
592 1931 727 1992 interitus
749 1931 824 1993 nihil
848 1932 936 1992 suerit
958 1933 1000 1993 rei
1023 1953 1052 2010 p.
1077 1952 1143 2011 pro·

163 2023 306 2093 tuturus,
333 2020 464 2082 criminis
486 2025 553 2082 loco
575 2029 683 2098 putent
713 2040 787 2094 esse,
815 2023 898 2097 quod
921 2021 1040 2096 vivam;
1080 2021 1143 2097 qui-

161 2111 238 2170 -bus
270 2131 326 2188 ego
357 2121 438 2172 certo
472 2110 533 2170 scio
561 2129 624 2170 nou
653 2108 747 2170 videri
777 2111 846 2170 satis
879 2113 990 2170 multos
1019 2111 1141 2188 perisse.

173 2199 243 2275 Qui
279 2199 304 2259 si
334 2220 381 2259 me
410 2198 569 2273 audissent,
602 2198 737 2274 quamvis
767 2198 870 2276 iniqua
902 2220 985 2278 pace,
1015 2203 1142 2259 honeste

163 2500 262 2548 ¹stiam:
289 2498 315 2546 la
340 2497 488 2560 cognizioue
514 2499 634 2552 teoretica

165 2569 246 2618 nelle
267 2570 374 2618 seienze.

216 2640 257 2703 56.
276 2641 425 2688 verbosius:
444 2655 478 2689 un
497 2641 538 2704 po'
557 2641 633 2690 diffu-

170 2719 302 2760 sumente.

217 2780 257 2845 58.
278 2782 432 2830 consilium:
450 2782 576 2847 pensiero.

216 2852 256 2901 60.
277 2869 355 2916 quam
368 2869 399 2900 va
415 2855 488 2902 unito
507 2870 521 2901 a
534 2861 632 2916 postea.

175 2949 213 2960 -
233 2925 352 2982 alicuius,
370 2920 425 2972 cioe
440 2925 466 2973 di
478 2925 600 2990 Pompeo,
614 2925 633 2972 il

160 2994 262 3062 quale,
296 2995 452 3044 diventando
480 3010 574 3058 genero
606 2995 629 3044 di

172 3066 278 3124 Cesare,
299 3067 325 3114 lo
344 3063 414 3115 aiuto
433 3084 448 3115 a
466 3067 590 3131 giungere
608 3067 633 3115 al

162 3132 225 3203 ,piu
244 3137 296 3186 alto
314 3137 394 3201 grado
412 3137 438 3185 di
458 3145 572 3203 potenza.

215 3207 256 3256 61.
271 3215 373 3257 tantum
387 3209 501 3258 valeret:
517 3206 632 3274 aequisto

170 3285 249 3329 tanto
280 3287 376 3344 potere.
405 3275 502 3329 Perche
527 3280 546 3328 il
571 3297 631 3330 con-

158 3350 314 3415 .giuntivo?

217 3419 258 3484 63.
277 3422 394 3480 voluisse,
415 3427 472 3471 sott.
487 3430 585 3485 pacem.
599 3449 631 3459 -

154 3491 286 3555 ..reliquis
296 3489 420 3550 omnibus,
435 3492 519 3542 dativo
532 3494 557 3542 di
572 3511 632 3543 vau-

171 3563 275 3626 raggio.

215 3633 257 3698 65.
277 3635 374 3692 civitas,
394 3635 531 3699 predicato.

682 2550 685 2561 ¹
725 2499 768 2560 67.
789 2499 906 2548 Rhodum
925 2506 973 2568 qu!
991 2498 1140 2562 Mytilenas,

689 2571 739 2619 due
753 2568 814 2618 uitta
832 2569 912 2619 libere
926 2585 940 2618 e
952 2565 1038 2634 percio
1054 2577 1141 2634 aperte

688 2641 740 2705 agli
758 2640 831 2689 esuli.

725 2711 766 2760 68.
787 2712 947 2759 malueram:
971 2711 1039 2760 avrel
1058 2711 1117 2776 pref
1131 2737 1141 2748 -

689 2784 745 2832 rito.
774 2781 826 2830 cfr.
853 2783 888 2830 M.
918 2772 978 2845 3“06,
1000 2785 1031 2841 A,
1058 2796 1088 2841 1;
1114 2781 1140 2832 S.

690 2867 749 2918 233,
770 2866 795 2912 2,
811 2861 868 2901 solt.
889 2854 978 2902 dicere.
992 2879 1025 2888 -
1040 2869 1141 2903 coram:

689 2943 703 2974 a
726 2927 812 2974 bocca.
841 2950 873 2958 -
900 2925 1020 2988 longius:
1048 2932 1140 2990 troppo

688 3013 734 3062 per
752 2996 776 3045 le
795 2995 900 3059 lunghe.

725 3067 768 3128 69.
788 3068 881 3118 eadem.
901 3073 959 3114 sott.
978 3067 1094 3115 scribere.

725 3149 766 3200 70.
787 3139 810 3186 si
828 3139 950 3200 quando:
969 3153 995 3186 se
1015 3137 1074 3186 mai.

725 3221 766 3272 71.
778 3209 894 3272 fuerit...
909 3208 1090 3272 profuturus:
1115 3223 1140 3255 a·

687 3281 782 3331 vrebbe
813 3279 923 3343 giovato.
956 3274 1051 3328 Perche
1082 3295 1144 3326 cum.

687 3368 765 3416 regge
791 3351 819 3400 in
837 3358 927 3415 questo
954 3365 1011 3398 caso
1036 3349 1055 3398 il
1080 3364 1140 3398 con·

686 3423 822 3488 giuntivol

723 3505 764 3557 74.
793 3493 912 3558 quamvis
939 3493 1031 3555 iniqua
1054 3498 1140 3554 pace:

686 3566 798 3614 sebbene
817 3581 833 3612 a
849 3563 1033 3626 suantaggiose
1052 3559 1141 3610 condi·

686 3636 756 3685 zioui
775 3635 802 3683 di
820 3649 890 3700 pace.
