<?xml version="1.0" encoding="UTF-8"?>
<!DOCTYPE html PUBLIC "-//W3C//DTD XHTML 1.0 Transitional//EN"
    "http://www.w3.org/TR/xhtml1/DTD/xhtml1-transitional.dtd">
<html xmlns="http://www.w3.org/1999/xhtml" xml:lang="en" lang="en">
 <head>
  <title>
</title>
<meta http-equiv="Content-Type" content="text/html;charset=utf-8" />
  <meta name='ocr-system' content='tesseract 3.04.00' />
  <meta name='ocr-capabilities' content='ocr_page ocr_carea ocr_par ocr_line ocrx_word'/>
</head>
<body>
  <div class='ocr_page' id='page_1' title='image "./epistulaeselect00carrgoog_0079.png"; bbox 0 0 2788 4286; ppageno 0'>
   <div class='ocr_carea' id='block_1_1' title="bbox 331 277 946 342">
    <p class='ocr_par' dir='ltr' id='par_1_1' title="bbox 331 277 946 342">
     <span class='ocr_line' id='line_1_1' title="bbox 331 277 946 342; baseline -0.003 -18"><span class='ocrx_word' id='word_1_1' title='bbox 331 281 368 342; x_wconf 82' lang='lat'>72</span> <span class='ocrx_word' id='word_1_2' title='bbox 668 281 702 324; x_wconf 81' lang='lat' dir='ltr'>ur.</span> <span class='ocrx_word' id='word_1_3' title='bbox 726 279 757 325; x_wconf 81' lang='lat' dir='ltr'>r.</span> <span class='ocrx_word' id='word_1_4' title='bbox 781 277 946 323; x_wconf 79' lang='lat' dir='ltr'>crcraours</span> 
     </span>
    </p>
   </div>
   <div class='ocr_carea' id='block_1_2' title="bbox 263 406 1279 2157">
    <p class='ocr_par' dir='ltr' id='par_1_2' title="bbox 263 406 1279 2157">
     <span class='ocr_line' id='line_1_2' title="bbox 329 406 1270 489; baseline 0.004 -21"><span class='ocrx_word' id='word_1_5' title='bbox 329 409 421 485; x_wconf 89' lang='lat' dir='ltr'>Quod</span> <span class='ocrx_word' id='word_1_6' title='bbox 437 406 461 466; x_wconf 90' lang='lat' dir='ltr'>si</span> <span class='ocrx_word' id='word_1_7' title='bbox 476 416 537 466; x_wconf 92' lang='lat' dir='ltr'>tam</span> <span class='ocrx_word' id='word_1_8' title='bbox 552 406 667 468; x_wconf 81' lang='lat' dir='ltr'><strong>facilem</strong></span> <span class='ocrx_word' id='word_1_9' title='bbox 691 409 834 485; x_wconf 91' lang='lat' dir='ltr'>populum</span> <span class='ocrx_word' id='word_1_10' title='bbox 858 408 1008 480; x_wconf 88' lang='lat' dir='ltr'>haberem,</span> <span class='ocrx_word' id='word_1_11' title='bbox 1030 429 1120 485; x_wconf 90' lang='lat' dir='ltr'>quam</span> <span class='ocrx_word' id='word_1_12' title='bbox 1144 415 1270 489; x_wconf 86' lang='lat' dir='ltr'>Aesopus</span> 
     </span>
     <span class='ocr_line' id='line_1_3' title="bbox 329 493 1271 576; baseline 0.003 -19"><span class='ocrx_word' id='word_1_13' title='bbox 329 495 443 570; x_wconf 85' lang='lat' dir='ltr'>habuit,</span> <span class='ocrx_word' id='word_1_14' title='bbox 466 495 594 556; x_wconf 85' lang='lat' dir='ltr'>libenter</span> <span class='ocrx_word' id='word_1_15' title='bbox 615 498 784 558; x_wconf 87' lang='lat' dir='ltr'>mehercule</span> <span class='ocrx_word' id='word_1_16' title='bbox 806 505 899 555; x_wconf 90' lang='lat' dir='ltr'>artem</span> <span class='ocrx_word' id='word_1_17' title='bbox 926 493 1092 558; x_wconf 83' lang='lat' dir='ltr'>desinerem</span> <span class='ocrx_word' id='word_1_18' title='bbox 1122 510 1271 576; x_wconf 86' lang='lat' dir='ltr'>tecumque</span> 
     </span>
     <span class='ocr_line' id='line_1_4' title="bbox 264 584 1271 649; baseline 0.002 -3"><span class='ocrx_word' id='word_1_19' title='bbox 264 589 305 646; x_wconf 90' lang='lat'>60</span> <span class='ocrx_word' id='word_1_20' title='bbox 330 595 450 646; x_wconf 90' lang='lat' dir='ltr'>etcum</span> <span class='ocrx_word' id='word_1_21' title='bbox 474 585 618 645; x_wconf 90' lang='lat' dir='ltr'>similibus</span> <span class='ocrx_word' id='word_1_22' title='bbox 641 585 733 645; x_wconf 91' lang='lat' dir='ltr'>nostri</span> <span class='ocrx_word' id='word_1_23' title='bbox 748 584 888 646; x_wconf 90' lang='lat' dir='ltr'>viverem.</span> <span class='ocrx_word' id='word_1_24' title='bbox 943 588 1020 645; x_wconf 88' lang='lat' dir='ltr'>Nam</span> <span class='ocrx_word' id='word_1_25' title='bbox 1043 607 1092 646; x_wconf 89' lang='lat' dir='ltr'>me</span> <span class='ocrx_word' id='word_1_26' title='bbox 1108 609 1175 649; x_wconf 91' lang='lat' dir='ltr'>cum</span> <span class='ocrx_word' id='word_1_27' title='bbox 1193 600 1271 648; x_wconf 86' lang='lat' dir='ltr'>antea</span> 
     </span>
     <span class='ocr_line' id='line_1_5' title="bbox 328 671 1272 751; baseline 0.001 -16"><span class='ocrx_word' id='word_1_28' title='bbox 328 676 476 747; x_wconf 84' lang='lat' dir='ltr'>taedebat,</span> <span class='ocrx_word' id='word_1_29' title='bbox 501 694 569 735; x_wconf 92' lang='lat' dir='ltr'>cum</span> <span class='ocrx_word' id='word_1_30' title='bbox 598 685 628 734; x_wconf 90' lang='lat' dir='ltr'>et</span> <span class='ocrx_word' id='word_1_31' title='bbox 652 686 732 733; x_wconf 89' lang='lat' dir='ltr'>aetas</span> <span class='ocrx_word' id='word_1_32' title='bbox 758 684 789 733; x_wconf 94' lang='lat' dir='ltr'>et</span> <span class='ocrx_word' id='word_1_33' title='bbox 811 671 933 734; x_wconf 84' lang='lat' dir='ltr'>ambitio</span> <span class='ocrx_word' id='word_1_34' title='bbox 959 694 1007 735; x_wconf 89' lang='lat' dir='ltr'>me</span> <span class='ocrx_word' id='word_1_35' title='bbox 1034 677 1211 751; x_wconf 80' lang='lat' dir='ltr'>hortabatur,</span> <span class='ocrx_word' id='word_1_36' title='bbox 1245 688 1272 738; x_wconf 89' lang='lat' dir='ltr'>et</span> 
     </span>
     <span class='ocr_line' id='line_1_6' title="bbox 328 763 1271 840; baseline 0.001 -15"><span class='ocrx_word' id='word_1_37' title='bbox 328 763 437 825; x_wconf 87' lang='lat' dir='ltr'>licebat</span> <span class='ocrx_word' id='word_1_38' title='bbox 459 763 598 840; x_wconf 89' lang='lat' dir='ltr'>denique,</span> <span class='ocrx_word' id='word_1_39' title='bbox 629 782 717 839; x_wconf 91' lang='lat' dir='ltr'>quem</span> <span class='ocrx_word' id='word_1_40' title='bbox 746 765 895 835; x_wconf 83' lang='lat' dir='ltr'>nolebam,</span> <span class='ocrx_word' id='word_1_41' title='bbox 925 783 987 824; x_wconf 89' lang='lat' dir='ltr'>non</span> <span class='ocrx_word' id='word_1_42' title='bbox 1016 766 1183 840; x_wconf 85' lang='lat' dir='ltr'>defendere,</span> <span class='ocrx_word' id='word_1_43' title='bbox 1215 776 1271 826; x_wconf 89' lang='lat' dir='ltr'>tum</span> 
     </span>
     <span class='ocr_line' id='line_1_7' title="bbox 328 850 1273 930; baseline 0.003 -18"><span class='ocrx_word' id='word_1_44' title='bbox 328 873 399 913; x_wconf 89' lang='lat' dir='ltr'>vero</span> <span class='ocrx_word' id='word_1_45' title='bbox 422 855 480 913; x_wconf 91' lang='lat' dir='ltr'>hoc</span> <span class='ocrx_word' id='word_1_46' title='bbox 503 863 637 930; x_wconf 88' lang='lat' dir='ltr'>tempore</span> <span class='ocrx_word' id='word_1_47' title='bbox 660 850 720 910; x_wconf 90' lang='lat' dir='ltr'>vita</span> <span class='ocrx_word' id='word_1_48' title='bbox 745 853 862 914; x_wconf 91' lang='lat' dir='ltr'>nullast.</span> <span class='ocrx_word' id='word_1_49' title='bbox 910 853 1024 928; x_wconf 59' lang='lat' dir='ltr'>»Neque</span> <span class='ocrx_word' id='word_1_50' title='bbox 1048 854 1126 914; x_wconf 90' lang='lat' dir='ltr'>enim</span> <span class='ocrx_word' id='word_1_51' title='bbox 1152 857 1273 915; x_wconf 87' lang='lat' dir='ltr'>fructum</span> 
     </span>
     <span class='ocr_line' id='line_1_8' title="bbox 328 940 1273 1020; baseline 0 -17"><span class='ocrx_word' id='word_1_52' title='bbox 328 945 420 1003; x_wconf 91' lang='lat' dir='ltr'>ullum</span> <span class='ocrx_word' id='word_1_53' title='bbox 456 940 565 1002; x_wconf 91' lang='lat' dir='ltr'>laboris</span> <span class='ocrx_word' id='word_1_54' title='bbox 595 951 734 1018; x_wconf 87' lang='lat' dir='ltr'>exspecto</span> <span class='ocrx_word' id='word_1_55' title='bbox 761 950 791 1000; x_wconf 91' lang='lat' dir='ltr'>et</span> <span class='ocrx_word' id='word_1_56' title='bbox 820 959 909 1017; x_wconf 87' lang='lat' dir='ltr'>cogor</span> <span class='ocrx_word' id='word_1_57' title='bbox 939 961 1001 1001; x_wconf 93' lang='lat' dir='ltr'>non</span> <span class='ocrx_word' id='word_1_58' title='bbox 1031 962 1193 1020; x_wconf 89' lang='lat' dir='ltr'>numquam</span> <span class='ocrx_word' id='word_1_59' title='bbox 1226 947 1273 1004; x_wconf 93' lang='lat' dir='ltr'>ho-</span> 
     </span>
     <span class='ocr_line' id='line_1_9' title="bbox 263 1029 1274 1109; baseline 0 -18"><span class='ocrx_word' id='word_1_60' title='bbox 263 1034 280 1091; x_wconf 90' lang='lat'><strong>6</strong></span> <span class='ocrx_word' id='word_1_61' title='bbox 287 1046 302 1108; x_wconf 90' lang='lat'><strong>5</strong></span> <span class='ocrx_word' id='word_1_62' title='bbox 327 1031 423 1092; x_wconf 91' lang='lat' dir='ltr'>mines</span> <span class='ocrx_word' id='word_1_63' title='bbox 446 1050 508 1089; x_wconf 89' lang='lat' dir='ltr'>non</span> <span class='ocrx_word' id='word_1_64' title='bbox 530 1030 642 1107; x_wconf 88' lang='lat' dir='ltr'>optime</span> <span class='ocrx_word' id='word_1_65' title='bbox 665 1031 702 1089; x_wconf 89' lang='lat' dir='ltr'>de</span> <span class='ocrx_word' id='word_1_66' title='bbox 733 1049 781 1088; x_wconf 91' lang='lat' dir='ltr'>me</span> <span class='ocrx_word' id='word_1_67' title='bbox 807 1029 926 1089; x_wconf 92' lang='lat' dir='ltr'>meritos</span> <span class='ocrx_word' id='word_1_68' title='bbox 956 1041 1059 1108; x_wconf 86' lang='lat' dir='ltr'>rogatu</span> <span class='ocrx_word' id='word_1_69' title='bbox 1086 1052 1197 1104; x_wconf 85' lang='lat' dir='ltr'>eorum,</span> <span class='ocrx_word' id='word_1_70' title='bbox 1228 1031 1274 1109; x_wconf 94' lang='lat' dir='ltr'>qui</span> 
     </span>
     <span class='ocr_line' id='line_1_10' title="bbox 326 1117 1274 1196; baseline -0.002 -14"><span class='ocrx_word' id='word_1_71' title='bbox 326 1123 406 1182; x_wconf 91' lang='lat' dir='ltr'>bene</span> <span class='ocrx_word' id='word_1_72' title='bbox 426 1117 523 1178; x_wconf 86' lang='lat' dir='ltr'>meriti</span> <span class='ocrx_word' id='word_1_73' title='bbox 538 1130 614 1193; x_wconf 91' lang='lat' dir='ltr'>sunt,</span> <span class='ocrx_word' id='word_1_74' title='bbox 633 1119 803 1178; x_wconf 83' lang='lat' dir='ltr'>defendere.</span> <span class='ocrx_word' id='word_1_75' title='bbox 853 1121 956 1194; x_wconf 89' lang='lat' dir='ltr'>Itaque</span> <span class='ocrx_word' id='word_1_76' title='bbox 972 1139 1082 1196; x_wconf 89' lang='lat' dir='ltr'>quaero</span> <span class='ocrx_word' id='word_1_77' title='bbox 1099 1141 1202 1180; x_wconf 89' lang='lat' dir='ltr'>causas</span> <span class='ocrx_word' id='word_1_78' title='bbox 1218 1141 1274 1180; x_wconf 89' lang='lat' dir='ltr'>om·</span> 
     </span>
     <span class='ocr_line' id='line_1_11' title="bbox 328 1199 1274 1284; baseline -0.001 -14"><span class='ocrx_word' id='word_1_79' title='bbox 328 1229 381 1270; x_wconf 90' lang='lat' dir='ltr'>nes</span> <span class='ocrx_word' id='word_1_80' title='bbox 404 1208 563 1284; x_wconf 88' lang='lat' dir='ltr'>aliquando</span> <span class='ocrx_word' id='word_1_81' title='bbox 587 1206 708 1267; x_wconf 90' lang='lat' dir='ltr'>vivendi</span> <span class='ocrx_word' id='word_1_82' title='bbox 733 1199 875 1267; x_wconf 87' lang='lat' dir='ltr'>arbitratu</span> <span class='ocrx_word' id='word_1_83' title='bbox 898 1226 987 1284; x_wconf 89' lang='lat' dir='ltr'>meo;</span> <span class='ocrx_word' id='word_1_84' title='bbox 1027 1219 1116 1284; x_wconf 91' lang='lat' dir='ltr'>teque</span> <span class='ocrx_word' id='word_1_85' title='bbox 1140 1220 1169 1268; x_wconf 91' lang='lat' dir='ltr'>et</span> <span class='ocrx_word' id='word_1_86' title='bbox 1195 1211 1274 1270; x_wconf 89' lang='lat' dir='ltr'>istam</span> 
     </span>
     <span class='ocr_line' id='line_1_12' title="bbox 327 1296 1276 1376; baseline 0 -18"><span class='ocrx_word' id='word_1_87' title='bbox 327 1298 473 1358; x_wconf 89' lang='lat' dir='ltr'>rationem</span> <span class='ocrx_word' id='word_1_88' title='bbox 497 1297 548 1357; x_wconf 92' lang='lat' dir='ltr'>otii</span> <span class='ocrx_word' id='word_1_89' title='bbox 571 1297 614 1357; x_wconf 90' lang='lat' dir='ltr'>tui</span> <span class='ocrx_word' id='word_1_90' title='bbox 637 1307 667 1356; x_wconf 91' lang='lat' dir='ltr'>et</span> <span class='ocrx_word' id='word_1_91' title='bbox 689 1296 778 1356; x_wconf 93' lang='lat' dir='ltr'>laudo</span> <span class='ocrx_word' id='word_1_92' title='bbox 801 1298 992 1356; x_wconf 90' lang='lat' dir='ltr'>vehementer</span> <span class='ocrx_word' id='word_1_93' title='bbox 1015 1307 1044 1356; x_wconf 90' lang='lat' dir='ltr'>et</span> <span class='ocrx_word' id='word_1_94' title='bbox 1066 1301 1172 1375; x_wconf 92' lang='lat' dir='ltr'>probo,</span> <span class='ocrx_word' id='word_1_95' title='bbox 1189 1299 1276 1376; x_wconf 92' lang='lat' dir='ltr'>quod·</span> 
     </span>
     <span class='ocr_line' id='line_1_13' title="bbox 327 1383 1273 1465; baseline -0.001 -18"><span class='ocrx_word' id='word_1_96' title='bbox 327 1406 387 1465; x_wconf 94' lang='lat' dir='ltr'>que</span> <span class='ocrx_word' id='word_1_97' title='bbox 416 1406 471 1445; x_wconf 91' lang='lat' dir='ltr'>nos</span> <span class='ocrx_word' id='word_1_98' title='bbox 501 1385 599 1445; x_wconf 91' lang='lat' dir='ltr'>minus</span> <span class='ocrx_word' id='word_1_99' title='bbox 628 1383 781 1456; x_wconf 88' lang='lat' dir='ltr'>intervisis,</span> <span class='ocrx_word' id='word_1_100' title='bbox 817 1385 876 1445; x_wconf 93' lang='lat' dir='ltr'>hoc</span> <span class='ocrx_word' id='word_1_101' title='bbox 904 1387 966 1445; x_wconf 88' lang='lat' dir='ltr'>fero</span> <span class='ocrx_word' id='word_1_102' title='bbox 997 1385 1097 1446; x_wconf 88' lang='lat' dir='ltr'>animo</span> <span class='ocrx_word' id='word_1_103' title='bbox 1131 1387 1273 1462; x_wconf 87' lang='lat' dir='ltr'>aequiore,</span> 
     </span>
     <span class='ocr_line' id='line_1_14' title="bbox 264 1471 1277 1552; baseline 0.002 -19"><span class='ocrx_word' id='word_1_104' title='bbox 264 1493 304 1551; x_wconf 88' lang='lat'>70</span> <span class='ocrx_word' id='word_1_105' title='bbox 329 1477 421 1552; x_wconf 90' lang='lat' dir='ltr'>quod,</span> <span class='ocrx_word' id='word_1_106' title='bbox 447 1474 471 1534; x_wconf 90' lang='lat' dir='ltr'>si</span> <span class='ocrx_word' id='word_1_107' title='bbox 497 1477 613 1534; x_wconf 88' lang='lat' dir='ltr'>Romae</span> <span class='ocrx_word' id='word_1_108' title='bbox 644 1493 730 1547; x_wconf 90' lang='lat' dir='ltr'>esses,</span> <span class='ocrx_word' id='word_1_109' title='bbox 758 1483 857 1532; x_wconf 87' lang='lat' dir='ltr'>tamen</span> <span class='ocrx_word' id='word_1_110' title='bbox 888 1493 985 1550; x_wconf 89' lang='lat' dir='ltr'>neque</span> <span class='ocrx_word' id='word_1_111' title='bbox 1013 1494 1068 1534; x_wconf 90' lang='lat' dir='ltr'>nos</span> <span class='ocrx_word' id='word_1_112' title='bbox 1097 1478 1199 1552; x_wconf 74' lang='lat' dir='ltr'>lepore</span> <span class='ocrx_word' id='word_1_113' title='bbox 1229 1471 1277 1535; x_wconf 85' lang='lat' dir='ltr'>tuio</span> 
     </span>
     <span class='ocr_line' id='line_1_15' title="bbox 327 1562 1277 1642; baseline -0.001 -18"><span class='ocrx_word' id='word_1_114' title='bbox 327 1583 425 1640; x_wconf 91' lang='lat' dir='ltr'>neque</span> <span class='ocrx_word' id='word_1_115' title='bbox 449 1573 486 1636; x_wconf 90' lang='lat' dir='ltr'>te,</span> <span class='ocrx_word' id='word_1_116' title='bbox 512 1562 537 1621; x_wconf 93' lang='lat' dir='ltr'>si</span> <span class='ocrx_word' id='word_1_117' title='bbox 563 1562 614 1638; x_wconf 93' lang='lat' dir='ltr'>qui</span> <span class='ocrx_word' id='word_1_118' title='bbox 637 1572 682 1621; x_wconf 92' lang='lat' dir='ltr'>est</span> <span class='ocrx_word' id='word_1_119' title='bbox 709 1562 740 1620; x_wconf 92' lang='lat' dir='ltr'>in</span> <span class='ocrx_word' id='word_1_120' title='bbox 763 1581 820 1635; x_wconf 89' lang='lat' dir='ltr'>me,</span> <span class='ocrx_word' id='word_1_121' title='bbox 851 1580 918 1622; x_wconf 90' lang='lat' dir='ltr'>meo</span> <span class='ocrx_word' id='word_1_122' title='bbox 946 1562 1003 1622; x_wconf 83' lang='lat' dir='ltr'>frui</span> <span class='ocrx_word' id='word_1_123' title='bbox 1029 1563 1131 1624; x_wconf 92' lang='lat' dir='ltr'>liceret</span> <span class='ocrx_word' id='word_1_124' title='bbox 1160 1575 1277 1642; x_wconf 87' lang='lat' dir='ltr'>propter</span> 
     </span>
     <span class='ocr_line' id='line_1_16' title="bbox 326 1650 1276 1729; baseline 0 -17"><span class='ocrx_word' id='word_1_125' title='bbox 326 1650 549 1712; x_wconf 91' lang='lat' dir='ltr'>molestissimas</span> <span class='ocrx_word' id='word_1_126' title='bbox 572 1650 781 1729; x_wconf 88' lang='lat' dir='ltr'>occupationes</span> <span class='ocrx_word' id='word_1_127' title='bbox 805 1669 895 1712; x_wconf 91' lang='lat' dir='ltr'>meas.</span> <span class='ocrx_word' id='word_1_128' title='bbox 946 1651 1064 1727; x_wconf 88' lang='lat' dir='ltr'>Quibus</span> <span class='ocrx_word' id='word_1_129' title='bbox 1087 1651 1111 1712; x_wconf 90' lang='lat' dir='ltr'>si</span> <span class='ocrx_word' id='word_1_130' title='bbox 1133 1672 1182 1712; x_wconf 92' lang='lat' dir='ltr'>me</span> <span class='ocrx_word' id='word_1_131' title='bbox 1208 1654 1276 1713; x_wconf 90' lang='lat' dir='ltr'>rela-</span> 
     </span>
     <span class='ocr_line' id='line_1_17' title="bbox 328 1740 1275 1820; baseline 0.001 -21"><span class='ocrx_word' id='word_1_132' title='bbox 328 1761 398 1800; x_wconf 85' lang='lat' dir='ltr'>xaro</span> <span class='ocrx_word' id='word_1_133' title='bbox 422 1740 512 1816; x_wconf 91' lang='lat' dir='ltr'>(nam,</span> <span class='ocrx_word' id='word_1_134' title='bbox 538 1750 571 1800; x_wconf 91' lang='lat' dir='ltr'>ut</span> <span class='ocrx_word' id='word_1_135' title='bbox 594 1742 681 1818; x_wconf 89' lang='lat' dir='ltr'>plane</span> <span class='ocrx_word' id='word_1_136' title='bbox 705 1740 864 1812; x_wconf 91' lang='lat' dir='ltr'>exsolvam,</span> <span class='ocrx_word' id='word_1_137' title='bbox 882 1759 944 1799; x_wconf 91' lang='lat' dir='ltr'>non</span> <span class='ocrx_word' id='word_1_138' title='bbox 967 1741 1106 1820; x_wconf 88' lang='lat' dir='ltr'>postulo),</span> <span class='ocrx_word' id='word_1_139' title='bbox 1124 1751 1154 1800; x_wconf 91' lang='lat' dir='ltr'>te</span> <span class='ocrx_word' id='word_1_140' title='bbox 1173 1741 1275 1820; x_wconf 91' lang='lat' dir='ltr'>ipsum,</span> 
     </span>
     <span class='ocr_line' id='line_1_18' title="bbox 328 1826 1278 1908; baseline 0.002 -21"><span class='ocrx_word' id='word_1_141' title='bbox 328 1829 378 1906; x_wconf 92' lang='lat' dir='ltr'>qui</span> <span class='ocrx_word' id='word_1_142' title='bbox 402 1833 511 1889; x_wconf 90' lang='lat' dir='ltr'>multos</span> <span class='ocrx_word' id='word_1_143' title='bbox 533 1849 628 1890; x_wconf 91' lang='lat' dir='ltr'>annos</span> <span class='ocrx_word' id='word_1_144' title='bbox 651 1828 725 1888; x_wconf 91' lang='lat' dir='ltr'>nihil</span> <span class='ocrx_word' id='word_1_145' title='bbox 747 1826 829 1887; x_wconf 87' lang='lat' dir='ltr'>aliud</span> <span class='ocrx_word' id='word_1_146' title='bbox 844 1829 1061 1903; x_wconf 67' lang='lat' dir='ltr'>commentaris</span> <span class='ocrx_word' id='word_1_147' title='bbox 1082 1831 1199 1891; x_wconf 92' lang='lat' dir='ltr'>docebo</span> <span class='ocrx_word' id='word_1_148' title='bbox 1215 1850 1278 1908; x_wconf 91' lang='lat' dir='ltr'>pro-</span> 
     </span>
     <span class='ocr_line' id='line_1_19' title="bbox 263 1916 1279 1995; baseline 0.001 -18"><span class='ocrx_word' id='word_1_149' title='bbox 263 1934 280 1993; x_wconf 92' lang='lat'>7</span> <span class='ocrx_word' id='word_1_150' title='bbox 287 1933 303 1995; x_wconf 81' lang='lat'><strong>5</strong></span> <span class='ocrx_word' id='word_1_151' title='bbox 328 1920 413 1990; x_wconf 87' lang='lat' dir='ltr'>fect0,</span> <span class='ocrx_word' id='word_1_152' title='bbox 439 1918 511 1995; x_wconf 90' lang='lat' dir='ltr'>quid</span> <span class='ocrx_word' id='word_1_153' title='bbox 534 1916 571 1978; x_wconf 90' lang='lat' dir='ltr'>sit</span> <span class='ocrx_word' id='word_1_154' title='bbox 593 1918 761 1978; x_wconf 88' lang='lat' dir='ltr'>humaniter</span> <span class='ocrx_word' id='word_1_155' title='bbox 784 1916 891 1976; x_wconf 92' lang='lat' dir='ltr'>vivere.</span> <span class='ocrx_word' id='word_1_156' title='bbox 940 1920 989 1977; x_wconf 90' lang='lat' dir='ltr'>Tu</span> <span class='ocrx_word' id='word_1_157' title='bbox 1011 1919 1103 1978; x_wconf 92' lang='lat' dir='ltr'>modo</span> <span class='ocrx_word' id='word_1_158' title='bbox 1118 1919 1204 1978; x_wconf 89' lang='lat' dir='ltr'>istam</span> <span class='ocrx_word' id='word_1_159' title='bbox 1228 1919 1279 1978; x_wconf 91' lang='lat' dir='ltr'>im-</span> 
     </span>
     <span class='ocr_line' id='line_1_20' title="bbox 328 2006 1277 2081; baseline -0.001 -14"><span class='ocrx_word' id='word_1_160' title='bbox 328 2006 521 2067; x_wconf 91' lang='lat' dir='ltr'>becillitatem</span> <span class='ocrx_word' id='word_1_161' title='bbox 545 2006 722 2066; x_wconf 88' lang='lat' dir='ltr'>valetudinis</span> <span class='ocrx_word' id='word_1_162' title='bbox 744 2016 812 2066; x_wconf 91' lang='lat' dir='ltr'>tuae</span> <span class='ocrx_word' id='word_1_163' title='bbox 829 2016 959 2066; x_wconf 89' lang='lat' dir='ltr'>sustenta</span> <span class='ocrx_word' id='word_1_164' title='bbox 982 2018 1012 2066; x_wconf 91' lang='lat' dir='ltr'>et</span> <span class='ocrx_word' id='word_1_165' title='bbox 1026 2018 1119 2081; x_wconf 90' lang='lat' dir='ltr'>tuere,</span> <span class='ocrx_word' id='word_1_166' title='bbox 1144 2019 1177 2067; x_wconf 91' lang='lat' dir='ltr'>ut</span> <span class='ocrx_word' id='word_1_167' title='bbox 1199 2007 1277 2081; x_wconf 84' lang='lat' dir='ltr'>facis,</span> 
     </span>
     <span class='ocr_line' id='line_1_21' title="bbox 327 2093 1277 2157; baseline 0 -2"><span class='ocrx_word' id='word_1_168' title='bbox 327 2106 360 2155; x_wconf 89' lang='lat' dir='ltr'>ut</span> <span class='ocrx_word' id='word_1_169' title='bbox 383 2106 497 2155; x_wconf 89' lang='lat' dir='ltr'>nostras</span> <span class='ocrx_word' id='word_1_170' title='bbox 519 2095 603 2154; x_wconf 90' lang='lat' dir='ltr'>villas</span> <span class='ocrx_word' id='word_1_171' title='bbox 627 2095 710 2155; x_wconf 90' lang='lat' dir='ltr'>obire</span> <span class='ocrx_word' id='word_1_172' title='bbox 738 2105 768 2155; x_wconf 91' lang='lat' dir='ltr'>et</span> <span class='ocrx_word' id='word_1_173' title='bbox 789 2113 906 2155; x_wconf 92' lang='lat' dir='ltr'>mecum</span> <span class='ocrx_word' id='word_1_174' title='bbox 934 2093 1021 2155; x_wconf 92' lang='lat' dir='ltr'>simul</span> <span class='ocrx_word' id='word_1_175' title='bbox 1047 2095 1183 2157; x_wconf 90' lang='lat' dir='ltr'>lecticula</span> <span class='ocrx_word' id='word_1_176' title='bbox 1210 2117 1277 2157; x_wconf 92' lang='lat' dir='ltr'>con-</span> 
     </span>
    </p>
   </div>
   <div class='ocr_carea' id='block_1_3' title="bbox 327 2182 565 2261">
    <p class='ocr_par' dir='ltr' id='par_1_3' title="bbox 327 2182 565 2261">
     <span class='ocr_line' id='line_1_22' title="bbox 327 2182 565 2261; baseline -0.004 -15"><span class='ocrx_word' id='word_1_177' title='bbox 327 2204 443 2246; x_wconf 89' lang='lat' dir='ltr'>cursare</span> <span class='ocrx_word' id='word_1_178' title='bbox 461 2182 565 2261; x_wconf 91' lang='lat' dir='ltr'>possis.</span> 
     </span>
    </p>
   </div>
   <div class='ocr_carea' id='block_1_4' title="bbox 323 2413 780 3688">
    <p class='ocr_par' dir='ltr' id='par_1_4' title="bbox 328 2413 780 2622">
     <span class='ocr_line' id='line_1_23' title="bbox 366 2413 780 2478; baseline 0.002 -15"><span class='ocrx_word' id='word_1_179' title='bbox 366 2413 406 2478; x_wconf 85' lang='lat'>58.</span> <span class='ocrx_word' id='word_1_180' title='bbox 433 2422 485 2464; x_wconf 86' lang='lat' dir='ltr'>tam</span> <span class='ocrx_word' id='word_1_181' title='bbox 502 2413 613 2478; x_wconf 76' lang='lat' dir='ltr'>facilem</span> <span class='ocrx_word' id='word_1_182' title='bbox 633 2415 780 2478; x_wconf 86' lang='lat' dir='ltr'>papulum:</span> 
     </span>
     <span class='ocr_line' id='line_1_24' title="bbox 328 2483 777 2551; baseline -0.004 -15"><span class='ocrx_word' id='word_1_183' title='bbox 328 2502 363 2536; x_wconf 92' lang='lat' dir='ltr'>un</span> <span class='ocrx_word' id='word_1_184' title='bbox 393 2485 489 2551; x_wconf 91' lang='lat' dir='ltr'>popolo</span> <span class='ocrx_word' id='word_1_185' title='bbox 520 2485 572 2535; x_wconf 89' lang='lat' dir='ltr'>cosi</span> <span class='ocrx_word' id='word_1_186' title='bbox 607 2483 777 2545; x_wconf 86' lang='lat' dir='ltr'>arrendevole,</span> 
     </span>
     <span class='ocr_line' id='line_1_25' title="bbox 328 2555 777 2622; baseline -0.009 -15"><span class='ocrx_word' id='word_1_187' title='bbox 328 2557 542 2622; x_wconf 76' lang='lat' dir='ltr'>complacente—</span> <span class='ocrx_word' id='word_1_188' title='bbox 553 2559 676 2620; x_wconf 82' lang='lat' dir='ltr'>Aesopus,</span> <span class='ocrx_word' id='word_1_189' title='bbox 683 2555 727 2604; x_wconf 83' lang='lat' dir='ltr'>cfr.</span> <span class='ocrx_word' id='word_1_190' title='bbox 735 2567 777 2604; x_wconf 87' lang='lat'>22.</span> 
     </span>
    </p>

    <p class='ocr_par' dir='ltr' id='par_1_5' title="bbox 323 2628 778 3044">
     <span class='ocr_line' id='line_1_26' title="bbox 364 2628 777 2677; baseline 0 -1"><span class='ocrx_word' id='word_1_191' title='bbox 364 2629 405 2677; x_wconf 88' lang='lat'>61.</span> <span class='ocrx_word' id='word_1_192' title='bbox 426 2645 482 2677; x_wconf 86' lang='lat' dir='ltr'>cum</span> <span class='ocrx_word' id='word_1_193' title='bbox 502 2636 571 2677; x_wconf 86' lang='lat' dir='ltr'>aetas</span> <span class='ocrx_word' id='word_1_194' title='bbox 591 2635 628 2677; x_wconf 88' lang='lat' dir='ltr'>sta</span> <span class='ocrx_word' id='word_1_195' title='bbox 651 2628 676 2675; x_wconf 88' lang='lat' dir='ltr'>in</span> <span class='ocrx_word' id='word_1_196' title='bbox 696 2642 777 2677; x_wconf 87' lang='lat' dir='ltr'>corre·</span> 
     </span>
     <span class='ocr_line' id='line_1_27' title="bbox 327 2699 778 2748; baseline -0.004 -1"><span class='ocrx_word' id='word_1_197' title='bbox 327 2699 425 2748; x_wconf 89' lang='lat' dir='ltr'>lazione</span> <span class='ocrx_word' id='word_1_198' title='bbox 444 2714 493 2747; x_wconf 89' lang='lat' dir='ltr'>con</span> <span class='ocrx_word' id='word_1_199' title='bbox 513 2707 567 2747; x_wconf 80' lang='lat' dir='ltr'>tum</span> <span class='ocrx_word' id='word_1_200' title='bbox 582 2715 643 2748; x_wconf 83' lang='lat' dir='ltr'>vera</span> <span class='ocrx_word' id='word_1_201' title='bbox 661 2699 706 2745; x_wconf 83' lang='lat' dir='ltr'>lroc</span> <span class='ocrx_word' id='word_1_202' title='bbox 719 2705 778 2745; x_wconf 83' lang='lat' dir='ltr'>lem·</span> 
     </span>
     <span class='ocr_line' id='line_1_28' title="bbox 323 2767 778 2835; baseline 0.004 -19"><span class='ocrx_word' id='word_1_203' title='bbox 323 2777 408 2834; x_wconf 86' lang='lat' dir='ltr'>pore,·</span> <span class='ocrx_word' id='word_1_204' title='bbox 424 2770 538 2818; x_wconf 87' lang='lat' dir='ltr'>traduci:</span> <span class='ocrx_word' id='word_1_205' title='bbox 559 2786 586 2819; x_wconf 91' lang='lat' dir='ltr'>se</span> <span class='ocrx_word' id='word_1_206' title='bbox 604 2785 650 2835; x_wconf 90' lang='lat' dir='ltr'>per</span> <span class='ocrx_word' id='word_1_207' title='bbox 668 2767 778 2818; x_wconf 87' lang='lat' dir='ltr'>l&#39;addie·</span> 
     </span>
     <span class='ocr_line' id='line_1_29' title="bbox 328 2841 777 2904; baseline -0.004 -15"><span class='ocrx_word' id='word_1_208' title='bbox 328 2848 392 2889; x_wconf 90' lang='lat' dir='ltr'>tro...</span> <span class='ocrx_word' id='word_1_209' title='bbox 412 2855 456 2888; x_wconf 90' lang='lat' dir='ltr'>ora</span> <span class='ocrx_word' id='word_1_210' title='bbox 474 2841 517 2904; x_wconf 89' lang='lat' dir='ltr'>poi</span> <span class='ocrx_word' id='word_1_211' title='bbox 536 2855 589 2889; x_wconf 89' lang='lat' dir='ltr'>non</span> <span class='ocrx_word' id='word_1_212' title='bbox 615 2841 648 2888; x_wconf 96' lang='lat' dir='ltr'>ho</span> <span class='ocrx_word' id='word_1_213' title='bbox 668 2856 703 2888; x_wconf 90' lang='lat' dir='ltr'>un</span> <span class='ocrx_word' id='word_1_214' title='bbox 725 2854 777 2888; x_wconf 86' lang='lat' dir='ltr'>mo·</span> 
     </span>
     <span class='ocr_line' id='line_1_30' title="bbox 328 2909 778 2977; baseline -0.004 -18"><span class='ocrx_word' id='word_1_215' title='bbox 328 2917 415 2960; x_wconf 90' lang='lat' dir='ltr'>mento</span> <span class='ocrx_word' id='word_1_216' title='bbox 434 2910 460 2958; x_wconf 93' lang='lat' dir='ltr'>di</span> <span class='ocrx_word' id='word_1_217' title='bbox 478 2910 529 2959; x_wconf 83' lang='lat' dir='ltr'>vita</span> <span class='ocrx_word' id='word_1_218' title='bbox 552 2911 688 2977; x_wconf 89' lang='lat' dir='ltr'>tranquilla</span> <span class='ocrx_word' id='word_1_219' title='bbox 712 2909 778 2974; x_wconf 87' lang='lat' dir='ltr'>(vita</span> 
     </span>
     <span class='ocr_line' id='line_1_31' title="bbox 326 2978 446 3044; baseline 0 -14"><span class='ocrx_word' id='word_1_220' title='bbox 326 2978 446 3044; x_wconf 86' lang='lat' dir='ltr'>nullast).</span> 
     </span>
    </p>

    <p class='ocr_par' dir='ltr' id='par_1_6' title="bbox 326 3052 777 3544">
     <span class='ocr_line' id='line_1_32' title="bbox 363 3052 776 3116; baseline -0.002 -16"><span class='ocrx_word' id='word_1_221' title='bbox 363 3053 405 3116; x_wconf 84' lang='lat'>65.</span> <span class='ocrx_word' id='word_1_222' title='bbox 426 3069 479 3100; x_wconf 87' lang='lat' dir='ltr'>nou</span> <span class='ocrx_word' id='word_1_223' title='bbox 499 3054 589 3115; x_wconf 83' lang='lat' dir='ltr'>optime</span> <span class='ocrx_word' id='word_1_224' title='bbox 608 3055 637 3101; x_wconf 83' lang='lat' dir='ltr'>de</span> <span class='ocrx_word' id='word_1_225' title='bbox 653 3069 690 3100; x_wconf 83' lang='lat' dir='ltr'>me</span> <span class='ocrx_word' id='word_1_226' title='bbox 702 3052 776 3100; x_wconf 85' lang='lat' dir='ltr'>meri·</span> 
     </span>
     <span class='ocr_line' id='line_1_33' title="bbox 326 3123 776 3172; baseline -0.004 0"><span class='ocrx_word' id='word_1_227' title='bbox 326 3130 366 3172; x_wconf 86' lang='lat' dir='ltr'>tos</span> <span class='ocrx_word' id='word_1_228' title='bbox 377 3141 386 3172; x_wconf 92' lang='lat'><em>:</em></span> <span class='ocrx_word' id='word_1_229' title='bbox 405 3123 450 3172; x_wconf 90' lang='lat' dir='ltr'>che</span> <span class='ocrx_word' id='word_1_230' title='bbox 469 3138 521 3171; x_wconf 91' lang='lat' dir='ltr'>non</span> <span class='ocrx_word' id='word_1_231' title='bbox 537 3123 572 3170; x_wconf 87' lang='lat' dir='ltr'>mi</span> <span class='ocrx_word' id='word_1_232' title='bbox 586 3139 693 3172; x_wconf 90' lang='lat' dir='ltr'>usarono</span> <span class='ocrx_word' id='word_1_233' title='bbox 707 3129 776 3171; x_wconf 92' lang='lat' dir='ltr'>certo</span> 
     </span>
     <span class='ocr_line' id='line_1_34' title="bbox 327 3192 776 3258; baseline -0.007 -14"><span class='ocrx_word' id='word_1_234' title='bbox 327 3194 402 3244; x_wconf 91' lang='lat' dir='ltr'>molti</span> <span class='ocrx_word' id='word_1_235' title='bbox 416 3194 533 3258; x_wconf 84' lang='lat' dir='ltr'>riguardi.</span> <span class='ocrx_word' id='word_1_236' title='bbox 545 3194 639 3243; x_wconf 88' lang='lat' dir='ltr'>Allude</span> <span class='ocrx_word' id='word_1_237' title='bbox 649 3211 663 3242; x_wconf 90' lang='lat' dir='ltr'>a</span> <span class='ocrx_word' id='word_1_238' title='bbox 672 3192 776 3242; x_wconf 86' lang='lat' dir='ltr'>Vatinio</span> 
     </span>
     <span class='ocr_line' id='line_1_35' title="bbox 326 3263 776 3324; baseline -0.004 -9"><span class='ocrx_word' id='word_1_239' title='bbox 326 3281 342 3315; x_wconf 91' lang='lat' dir='ltr'>e</span> <span class='ocrx_word' id='word_1_240' title='bbox 363 3266 481 3324; x_wconf 84' lang='lat' dir='ltr'>Gabinio,</span> <span class='ocrx_word' id='word_1_241' title='bbox 501 3265 547 3314; x_wconf 86' lang='lat' dir='ltr'>che</span> <span class='ocrx_word' id='word_1_242' title='bbox 570 3265 671 3314; x_wconf 86' lang='lat' dir='ltr'>dovette</span> <span class='ocrx_word' id='word_1_243' title='bbox 695 3263 776 3313; x_wconf 89' lang='lat' dir='ltr'>difen-</span> 
     </span>
     <span class='ocr_line' id='line_1_36' title="bbox 326 3335 777 3402; baseline -0.002 -18"><span class='ocrx_word' id='word_1_244' title='bbox 326 3335 387 3384; x_wconf 82' lang='lat' dir='ltr'>dere</span> <span class='ocrx_word' id='word_1_245' title='bbox 406 3352 451 3402; x_wconf 89' lang='lat' dir='ltr'>per</span> <span class='ocrx_word' id='word_1_246' title='bbox 468 3337 492 3385; x_wconf 90' lang='lat' dir='ltr'>le</span> <span class='ocrx_word' id='word_1_247' title='bbox 511 3336 643 3402; x_wconf 84' lang='lat' dir='ltr'>preghiere</span> <span class='ocrx_word' id='word_1_248' title='bbox 656 3335 683 3383; x_wconf 89' lang='lat' dir='ltr'>di</span> <span class='ocrx_word' id='word_1_249' title='bbox 701 3335 777 3384; x_wconf 90' lang='lat' dir='ltr'>Pom-</span> 
     </span>
     <span class='ocr_line' id='line_1_37' title="bbox 327 3406 776 3472; baseline -0.007 -16"><span class='ocrx_word' id='word_1_250' title='bbox 327 3422 384 3472; x_wconf 81' lang='lat' dir='ltr'>peo,</span> <span class='ocrx_word' id='word_1_251' title='bbox 411 3407 522 3456; x_wconf 86' lang='lat' dir='ltr'>sebbene</span> <span class='ocrx_word' id='word_1_252' title='bbox 547 3407 643 3456; x_wconf 83' lang='lat' dir='ltr'>fossero</span> <span class='ocrx_word' id='word_1_253' title='bbox 668 3406 724 3455; x_wconf 92' lang='lat' dir='ltr'>suoi</span> <span class='ocrx_word' id='word_1_254' title='bbox 751 3423 776 3454; x_wconf 89' lang='lat' dir='ltr'>a·</span> 
     </span>
     <span class='ocr_line' id='line_1_38' title="bbox 326 3477 511 3544; baseline 0 -18"><span class='ocrx_word' id='word_1_255' title='bbox 326 3477 392 3544; x_wconf 88' lang='lat' dir='ltr'>perti</span> <span class='ocrx_word' id='word_1_256' title='bbox 412 3478 511 3528; x_wconf 88' lang='lat' dir='ltr'>nemici.</span> 
     </span>
    </p>

    <p class='ocr_par' dir='ltr' id='par_1_7' title="bbox 325 3549 776 3688">
     <span class='ocr_line' id='line_1_39' title="bbox 364 3549 776 3614; baseline 0 -16"><span class='ocrx_word' id='word_1_257' title='bbox 364 3549 407 3610; x_wconf 89' lang='lat'>67.</span> <span class='ocrx_word' id='word_1_258' title='bbox 417 3550 493 3598; x_wconf 84' lang='lat' dir='ltr'>istam</span> <span class='ocrx_word' id='word_1_259' title='bbox 503 3550 629 3598; x_wconf 82' lang='lat' dir='ltr'>rationem</span> <span class='ocrx_word' id='word_1_260' title='bbox 642 3549 688 3597; x_wconf 79' lang='lat' dir='ltr'>atii</span> <span class='ocrx_word' id='word_1_261' title='bbox 693 3567 701 3596; x_wconf 91' lang='lat'>.·</span> <span class='ocrx_word' id='word_1_262' title='bbox 716 3563 776 3614; x_wconf 89' lang='lat' dir='ltr'>que-</span> 
     </span>
     <span class='ocr_line' id='line_1_40' title="bbox 325 3619 776 3688; baseline -0.002 -18"><span class='ocrx_word' id='word_1_263' title='bbox 325 3625 429 3670; x_wconf 82' lang='lat' dir='ltr'>statua</span> <span class='ocrx_word' id='word_1_264' title='bbox 453 3620 504 3670; x_wconf 87' lang='lat' dir='ltr'>vita</span> <span class='ocrx_word' id='word_1_265' title='bbox 522 3621 594 3688; x_wconf 85' lang='lat' dir='ltr'>priva</span> <span class='ocrx_word' id='word_1_266' title='bbox 618 3619 644 3669; x_wconf 94' lang='lat' dir='ltr'>di</span> <span class='ocrx_word' id='word_1_267' title='bbox 669 3634 776 3685; x_wconf 90' lang='lat' dir='ltr'>occupa-</span> 
     </span>
    </p>
   </div>
   <div class='ocr_carea' id='block_1_5' title="bbox 831 2414 1287 3256">
    <p class='ocr_par' dir='ltr' id='par_1_8' title="bbox 833 2414 1284 2535">
     <span class='ocr_line' id='line_1_41' title="bbox 833 2414 1284 2473; baseline 0.004 -11"><span class='ocrx_word' id='word_1_268' title='bbox 833 2414 906 2473; x_wconf 89' lang='lat' dir='ltr'>zioni,</span> <span class='ocrx_word' id='word_1_269' title='bbox 926 2431 941 2462; x_wconf 85' lang='lat' dir='ltr'>a</span> <span class='ocrx_word' id='word_1_270' title='bbox 959 2415 1001 2463; x_wconf 89' lang='lat' dir='ltr'>cui</span> <span class='ocrx_word' id='word_1_271' title='bbox 1025 2414 1044 2463; x_wconf 90' lang='lat' dir='ltr'>ti</span> <span class='ocrx_word' id='word_1_272' title='bbox 1063 2415 1099 2463; x_wconf 84' lang='lat' dir='ltr'>sei</span> <span class='ocrx_word' id='word_1_273' title='bbox 1121 2415 1181 2464; x_wconf 89' lang='lat' dir='ltr'>dato</span> <span class='ocrx_word' id='word_1_274' title='bbox 1199 2415 1284 2466; x_wconf 57' lang='lat' dir='ltr'>deret*</span> 
     </span>
     <span class='ocr_line' id='line_1_42' title="bbox 833 2485 1022 2535; baseline 0.011 -2"><span class='ocrx_word' id='word_1_275' title='bbox 833 2485 1022 2535; x_wconf 88' lang='lat' dir='ltr'>minatamente.</span> 
     </span>
    </p>

    <p class='ocr_par' dir='ltr' id='par_1_9' title="bbox 832 2557 1287 2694">
     <span class='ocr_line' id='line_1_43' title="bbox 870 2557 1287 2621; baseline 0.005 -17"><span class='ocrx_word' id='word_1_276' title='bbox 870 2566 911 2618; x_wconf 89' lang='lat'>70.</span> <span class='ocrx_word' id='word_1_277' title='bbox 935 2573 981 2604; x_wconf 82' lang='lat' dir='ltr'>nor</span> <span class='ocrx_word' id='word_1_278' title='bbox 1006 2577 1041 2597; x_wconf 95' lang='lat'>=</span> <span class='ocrx_word' id='word_1_279' title='bbox 1068 2572 1112 2605; x_wconf 87' lang='lat' dir='ltr'>rue.</span> <span class='ocrx_word' id='word_1_280' title='bbox 1140 2583 1173 2592; x_wconf 88' lang='lat'><em>-</em></span> <span class='ocrx_word' id='word_1_281' title='bbox 1197 2557 1287 2621; x_wconf 77' lang='lat' dir='ltr'>lepore·</span> 
     </span>
     <span class='ocr_line' id='line_1_44' title="bbox 832 2625 1280 2694; baseline 0.002 -19"><span class='ocrx_word' id='word_1_282' title='bbox 832 2633 895 2676; x_wconf 81' lang='lat' dir='ltr'>tuo:</span> <span class='ocrx_word' id='word_1_283' title='bbox 913 2625 981 2676; x_wconf 90' lang='lat' dir='ltr'>della</span> <span class='ocrx_word' id='word_1_284' title='bbox 999 2635 1043 2677; x_wconf 88' lang='lat' dir='ltr'>tua</span> <span class='ocrx_word' id='word_1_285' title='bbox 1061 2628 1145 2690; x_wconf 85' lang='lat' dir='ltr'>grazia</span> <span class='ocrx_word' id='word_1_286' title='bbox 1167 2629 1280 2694; x_wconf 88' lang='lat' dir='ltr'>squisita.</span> 
     </span>
    </p>

    <p class='ocr_par' dir='ltr' id='par_1_10' title="bbox 832 2699 1280 2976">
     <span class='ocr_line' id='line_1_45' title="bbox 868 2699 1278 2762; baseline 0.002 -16"><span class='ocrx_word' id='word_1_287' title='bbox 868 2707 910 2760; x_wconf 87' lang='lat'>71.</span> <span class='ocrx_word' id='word_1_288' title='bbox 930 2700 954 2746; x_wconf 84' lang='lat' dir='ltr'>si</span> <span class='ocrx_word' id='word_1_289' title='bbox 971 2699 1019 2762; x_wconf 85' lang='lat' dir='ltr'>qui</span> <span class='ocrx_word' id='word_1_290' title='bbox 1035 2720 1069 2739; x_wconf 85' lang='lat'>=</span> <span class='ocrx_word' id='word_1_291' title='bbox 1082 2699 1107 2746; x_wconf 89' lang='lat' dir='ltr'>si</span> <span class='ocrx_word' id='word_1_292' title='bbox 1117 2700 1207 2762; x_wconf 84' lang='lat' dir='ltr'>aliqui.</span> <span class='ocrx_word' id='word_1_293' title='bbox 1227 2699 1278 2747; x_wconf 83' lang='lat' dir='ltr'>Cfr.</span> 
     </span>
     <span class='ocr_line' id='line_1_46' title="bbox 836 2765 1279 2833; baseline 0 -15"><span class='ocrx_word' id='word_1_294' title='bbox 836 2783 856 2818; x_wconf 90' lang='lat'>1.</span> <span class='ocrx_word' id='word_1_295' title='bbox 876 2794 909 2805; x_wconf 90' lang='lat'>-</span> <span class='ocrx_word' id='word_1_296' title='bbox 929 2769 1016 2818; x_wconf 83' lang='lat' dir='ltr'>liceret</span> <span class='ocrx_word' id='word_1_297' title='bbox 1036 2765 1050 2816; x_wconf 76' lang='grc' dir='ltr'>ὲ</span> <span class='ocrx_word' id='word_1_298' title='bbox 1070 2769 1091 2816; x_wconf 86' lang='lat' dir='ltr'>il</span> <span class='ocrx_word' id='word_1_299' title='bbox 1116 2770 1279 2833; x_wconf 83' lang='lat' dir='ltr'>congiuntivo</span> 
     </span>
     <span class='ocr_line' id='line_1_47' title="bbox 832 2839 1280 2906; baseline 0.002 -18"><span class='ocrx_word' id='word_1_300' title='bbox 832 2839 1008 2906; x_wconf 88' lang='lat' dir='ltr'>dell&#39;apodosi</span> <span class='ocrx_word' id='word_1_301' title='bbox 1034 2840 1076 2890; x_wconf 92' lang='lat' dir='ltr'>del</span> <span class='ocrx_word' id='word_1_302' title='bbox 1098 2841 1204 2904; x_wconf 89' lang='lat' dir='ltr'>periodo</span> <span class='ocrx_word' id='word_1_303' title='bbox 1225 2841 1280 2906; x_wconf 93' lang='lat' dir='ltr'>ipo·</span> 
     </span>
     <span class='ocr_line' id='line_1_48' title="bbox 832 2911 1119 2976; baseline 0 -16"><span class='ocrx_word' id='word_1_304' title='bbox 832 2911 908 2960; x_wconf 89' lang='lat' dir='ltr'>tetico</span> <span class='ocrx_word' id='word_1_305' title='bbox 926 2912 952 2958; x_wconf 90' lang='lat' dir='ltr'>di</span> <span class='ocrx_word' id='word_1_306' title='bbox 971 2917 1039 2959; x_wconf 90' lang='lat' dir='ltr'>terzo</span> <span class='ocrx_word' id='word_1_307' title='bbox 1058 2912 1119 2976; x_wconf 89' lang='lat' dir='ltr'>tipo.</span> 
     </span>
    </p>

    <p class='ocr_par' dir='ltr' id='par_1_11' title="bbox 831 2982 1281 3188">
     <span class='ocr_line' id='line_1_49' title="bbox 868 2982 1278 3045; baseline 0.002 -15"><span class='ocrx_word' id='word_1_308' title='bbox 868 2992 910 3045; x_wconf 87' lang='lat'>72.</span> <span class='ocrx_word' id='word_1_309' title='bbox 932 2982 1029 3042; x_wconf 84' lang='lat' dir='ltr'>Quibus</span> <span class='ocrx_word' id='word_1_310' title='bbox 1047 3003 1082 3022; x_wconf 95' lang='lat'><strong><em>=</em></strong></span> <span class='ocrx_word' id='word_1_311' title='bbox 1106 2982 1159 3031; x_wconf 85' lang='lat' dir='ltr'>Sed</span> <span class='ocrx_word' id='word_1_312' title='bbox 1174 2983 1220 3032; x_wconf 82' lang='lat' dir='ltr'>leis.</span> <span class='ocrx_word' id='word_1_313' title='bbox 1246 3009 1278 3016; x_wconf 99' lang='lat'><em>-</em></span> 
     </span>
     <span class='ocr_line' id='line_1_50' title="bbox 831 3049 1281 3118; baseline 0 -17"><span class='ocrx_word' id='word_1_314' title='bbox 831 3053 855 3101; x_wconf 87' lang='lat' dir='ltr'>si</span> <span class='ocrx_word' id='word_1_315' title='bbox 876 3069 914 3101; x_wconf 83' lang='lat' dir='ltr'>rue</span> <span class='ocrx_word' id='word_1_316' title='bbox 934 3052 1074 3102; x_wconf 86' lang='lat' dir='ltr'>relaxaro:</span> <span class='ocrx_word' id='word_1_317' title='bbox 1100 3069 1126 3102; x_wconf 87' lang='lat' dir='ltr'>se</span> <span class='ocrx_word' id='word_1_318' title='bbox 1146 3054 1182 3102; x_wconf 89' lang='lat' dir='ltr'>mi</span> <span class='ocrx_word' id='word_1_319' title='bbox 1206 3049 1281 3118; x_wconf 80' lang='lat' dir='ltr'>potrd</span> 
     </span>
     <span class='ocr_line' id='line_1_51' title="bbox 831 3123 1099 3188; baseline 0 -16"><span class='ocrx_word' id='word_1_320' title='bbox 831 3123 954 3174; x_wconf 87' lang='lat' dir='ltr'>sollevare</span> <span class='ocrx_word' id='word_1_321' title='bbox 972 3139 1007 3171; x_wconf 89' lang='lat' dir='ltr'>un</span> <span class='ocrx_word' id='word_1_322' title='bbox 1025 3139 1099 3188; x_wconf 87' lang='lat' dir='ltr'>poco.</span> 
     </span>
    </p>

    <p class='ocr_par' dir='ltr' id='par_1_12' title="bbox 868 3194 1273 3256">
     <span class='ocr_line' id='line_1_52' title="bbox 868 3194 1273 3256; baseline 0 -14"><span class='ocrx_word' id='word_1_323' title='bbox 868 3205 907 3256; x_wconf 86' lang='lat'>74.</span> <span class='ocrx_word' id='word_1_324' title='bbox 923 3194 990 3242; x_wconf 79' lang='lat' dir='ltr'>nihil</span> <span class='ocrx_word' id='word_1_325' title='bbox 1000 3194 1076 3243; x_wconf 83' lang='lat' dir='ltr'>aliud</span> <span class='ocrx_word' id='word_1_326' title='bbox 1086 3195 1273 3244; x_wconf 73' lang='lat' dir='ltr'>commutaris:</span> 
     </span>
    </p>
   </div>
   <div class='ocr_carea' id='block_1_6' title="bbox 823 3265 1118 3332">
    <p class='ocr_par' dir='ltr' id='par_1_13' title="bbox 823 3265 1118 3332">
     <span class='ocr_line' id='line_1_53' title="bbox 823 3265 1118 3332; baseline 0.003 -19"><span class='ocrx_word' id='word_1_327' title='bbox 823 3281 884 3314; x_wconf 39' lang='lat' dir='ltr'>*non</span> <span class='ocrx_word' id='word_1_328' title='bbox 902 3265 975 3332; x_wconf 87' lang='lat' dir='ltr'>pensi</span> <span class='ocrx_word' id='word_1_329' title='bbox 995 3265 1027 3314; x_wconf 87' lang='lat' dir='ltr'>ad</span> <span class='ocrx_word' id='word_1_330' title='bbox 1046 3265 1118 3314; x_wconf 85' lang='lat' dir='ltr'>altro.</span> 
     </span>
    </p>
   </div>
   <div class='ocr_carea' id='block_1_7' title="bbox 831 3336 1283 3685">
    <p class='ocr_par' dir='ltr' id='par_1_14' title="bbox 831 3336 1281 3457">
     <span class='ocr_line' id='line_1_54' title="bbox 867 3336 1281 3401; baseline -0.002 -17"><span class='ocrx_word' id='word_1_331' title='bbox 867 3345 908 3400; x_wconf 84' lang='lat'>75.</span> <span class='ocrx_word' id='word_1_332' title='bbox 922 3337 1068 3385; x_wconf 81' lang='lat' dir='ltr'>humaniter</span> <span class='ocrx_word' id='word_1_333' title='bbox 1080 3337 1187 3385; x_wconf 63' lang='lat' dir='ltr'>viveres</span> <span class='ocrx_word' id='word_1_334' title='bbox 1203 3336 1281 3401; x_wconf 85' lang='lat' dir='ltr'>goder</span> 
     </span>
     <span class='ocr_line' id='line_1_55' title="bbox 831 3406 1144 3457; baseline 0.006 -3"><span class='ocrx_word' id='word_1_335' title='bbox 831 3406 855 3456; x_wconf 90' lang='lat' dir='ltr'>la</span> <span class='ocrx_word' id='word_1_336' title='bbox 873 3407 925 3456; x_wconf 88' lang='lat' dir='ltr'>vita</span> <span class='ocrx_word' id='word_1_337' title='bbox 943 3413 1017 3457; x_wconf 90' lang='lat' dir='ltr'>come&#39;</span> <span class='ocrx_word' id='word_1_338' title='bbox 1034 3407 1055 3456; x_wconf 93' lang='lat' dir='ltr'>si</span> <span class='ocrx_word' id='word_1_339' title='bbox 1074 3407 1144 3457; x_wconf 86' lang='lat' dir='ltr'>deve.</span> 
     </span>
    </p>

    <p class='ocr_par' dir='ltr' id='par_1_15' title="bbox 831 3477 1283 3685">
     <span class='ocr_line' id='line_1_56' title="bbox 867 3477 1280 3541; baseline -0.002 -15"><span class='ocrx_word' id='word_1_340' title='bbox 867 3488 908 3541; x_wconf 92' lang='lat'>77.</span> <span class='ocrx_word' id='word_1_341' title='bbox 937 3493 1033 3526; x_wconf 87' lang='lat' dir='ltr'>mecum</span> <span class='ocrx_word' id='word_1_342' title='bbox 1061 3479 1141 3527; x_wconf 83' lang='lat' dir='ltr'>simul</span> <span class='ocrx_word' id='word_1_343' title='bbox 1164 3477 1280 3528; x_wconf 79' lang='lat' dir='ltr'>lecticula</span> 
     </span>
     <span class='ocr_line' id='line_1_57' title="bbox 831 3551 1279 3599; baseline -0.002 -2"><span class='ocrx_word' id='word_1_344' title='bbox 831 3564 1002 3598; x_wconf 84' lang='lat' dir='ltr'>concursare:</span> <span class='ocrx_word' id='word_1_345' title='bbox 1021 3565 1035 3597; x_wconf 90' lang='lat' dir='ltr'>e</span> <span class='ocrx_word' id='word_1_346' title='bbox 1054 3564 1126 3598; x_wconf 89' lang='lat' dir='ltr'>meco</span> <span class='ocrx_word' id='word_1_347' title='bbox 1146 3551 1224 3599; x_wconf 88' lang='lat' dir='ltr'>andar</span> <span class='ocrx_word' id='word_1_348' title='bbox 1242 3555 1279 3597; x_wconf 88' lang='lat' dir='ltr'>at·</span> 
     </span>
     <span class='ocr_line' id='line_1_58' title="bbox 832 3619 1283 3685; baseline -0.002 -16"><span class='ocrx_word' id='word_1_349' title='bbox 832 3626 904 3669; x_wconf 88' lang='lat' dir='ltr'>torno</span> <span class='ocrx_word' id='word_1_350' title='bbox 922 3619 993 3671; x_wconf 85' lang='lat' dir='ltr'>nella</span> <span class='ocrx_word' id='word_1_351' title='bbox 1005 3619 1056 3669; x_wconf 90' lang='lat' dir='ltr'>mia</span> <span class='ocrx_word' id='word_1_352' title='bbox 1069 3620 1168 3685; x_wconf 90' lang='lat' dir='ltr'>piccola</span> <span class='ocrx_word' id='word_1_353' title='bbox 1182 3621 1283 3684; x_wconf 75' lang='lat' dir='ltr'>lettiga.</span> 
     </span>
    </p>
   </div>
   <div class='ocr_carea' id='block_1_8' title="bbox 0 0 1398 4276">
    <p class='ocr_par' dir='ltr' id='par_1_16' title="bbox 0 0 1398 4276">
     <span class='ocr_line' id='line_1_59' title="bbox 0 0 1398 4276; baseline 0 0"><span class='ocrx_word' id='word_1_354' title='bbox 0 0 1398 4276; x_wconf 95' lang='lat' dir='ltr'> </span> 
     </span>
    </p>
   </div>
  </div>
 </body>
</html>
