2788 4286
321 285 489 326 noisnnnon
512 283 667 327 senectae
693 302 732 312 —
756 285 804 329 ΕΡ.
827 287 947 331 xix-xx.
1067 273 1105 348 87

127 411 222 500 ferit,
253 430 339 489 spero
368 431 406 470 ne
438 410 592 472 consilium
616 411 760 488 quidem;
798 410 870 488 quid
893 432 1030 472 casurum
1060 411 1108 487 sit,

148 501 302 562 incertum
324 510 378 559 est.
427 499 550 575 Utinam
573 500 659 560 saluti
689 511 806 560 nostrae
832 504 986 562 consulere
1016 500 1109 578 possi·

152 589 247 650 musl
287 587 421 666 dignitati
444 598 523 650 certe
546 591 743 650 consulemus,
1137 607 1188 666 70,

153 801 288 849 militum:
311 796 373 864 perd
397 799 423 848 in
448 806 517 849 tanta
541 814 607 849 sear·
661 800 721 849 dato
744 800 790 850 che
814 800 839 867 si
861 800 964 849 dovesse
987 800 1073 850 venire
1096 817 1111 850 a

152 887 230 922 sezza
247 870 274 919 di
295 871 395 922 soldati.
662 871 791 935 battaglia.
814 871 999 920 consulemus:
1020 871 1109 921 tutele·

195 941 238 1002 69.
253 943 384 1005 possimus
408 958 422 990 e
449 941 609 990 consulemus
663 957 740 991 remo.
767 941 835 992 Nota
857 942 883 990 la
909 941 996 990 nobile
1024 942 1111 991 chiusa

154 1011 278 1062 traducili
291 1013 316 1060 al
328 1011 434 1077 plurale,
447 1007 551 1076 giaeche
563 1011 609 1076 qni
662 1011 688 1061 di
708 1020 798 1078 questa
815 1014 911 1072 lettera,
931 1013 1015 1077 degna
1029 1013 1056 1061 di
1075 1029 1110 1062 un

154 1081 171 1132 ὲ
193 1083 310 1134 evidente
330 1084 375 1132 che
394 1082 518 1132 Cicerone
538 1081 610 1148 parla
663 1083 785 1133 cittadino
804 1085 930 1133 Romano.

153 1155 185 1202 di
204 1150 231 1203 se
250 1171 264 1204 e
278 1154 319 1203 del
332 1169 378 1203 suo
392 1162 456 1203 stato
470 1153 608 1218 maggiore‚

432 1637 500 1696 XX.
524 1635 583 1711 (ad
601 1637 689 1697 Fam.
713 1639 750 1709 II,
781 1634 842 1715 10).

196 1793 326 1842 Racconta
345 1809 360 1840 a
373 1791 445 1842 Celio
466 1792 535 1841 Rufo
547 1792 573 1842 le
586 1793 696 1860 imprese
709 1795 741 1844 da
759 1794 797 1843 lui
809 1794 872 1843 fatte
891 1808 977 1858 presso
997 1792 1016 1842 il
1032 1797 1120 1841 monte

155 1865 264 1912 Amano
282 1878 296 1911 e
309 1862 490 1928 specialmente
504 1865 520 1912 1'
530 1867 718 1930 espugnazione
737 1866 763 1915 di
782 1866 939 1914 Pindenisso.
961 1863 1052 1913 Soritta
1065 1862 1119 1912 nel-

155 1935 176 1982 l'
186 1941 395 1999 accompamento
408 1949 494 1998 presso
508 1944 598 2000 questa
617 1934 678 1987 citta
697 1938 716 1986 il
732 1951 764 1999 14
777 1937 915 1986 novembre
929 1936 970 1984 del
985 1947 1036 1998 703
1052 1930 1119 1999 (51).
1206 1985 1208 1991 y

207 2131 244 2181 M.
263 2128 392 2180 cicnno
410 2131 479 2179 nte.
499 2131 524 2180 s.
543 2130 576 2180 o.
595 2133 631 2182 M.
651 2129 781 2182 CAELIO
800 2133 922 2183 AEDILI
941 2131 1072 2182 cononi

506 2220 711 2271 nnstonnno
729 2220 771 2289 (J.

207 2365 256 2421 Tu
278 2362 355 2435 vide,
375 2382 464 2438 quam
479 2363 519 2422 ad
534 2382 583 2422 me
598 2363 712 2424 litterae
734 2382 798 2422 non
813 2365 1017 2440 perferantur:
1057 2380 1120 2421 non

155 2449 244 2512 enim
267 2471 388 2529 possum
410 2450 528 2523 adduci,
554 2462 587 2511 ut
609 2455 663 2514 abs
685 2464 724 2527 te,
746 2463 939 2531 posteaquam
962 2449 1066 2509 aedilis
1088 2468 1120 2510 es

162 2542 268 2614 factus,
294 2542 390 2599 nullas
412 2551 515 2617 putem
539 2541 631 2614 dataS,
657 2540 827 2620 praesertim
849 2559 917 2598 cum
940 2548 1016 2598 esset
1038 2547 1121 2598 tanta

202 2766 234 2832 (*)
250 2769 287 2819 M.
301 2766 374 2817 Celio
386 2769 455 2817 Ruso
474 2785 516 2818 era
535 2771 618 2820 amico

159 2841 255 2890 intimo
274 2839 301 2887 di
325 2839 455 2899 Cicerone,
476 2841 518 2888 dal
539 2842 615 2907 quale

671 2770 799 2820 vedevano
818 2769 843 2818 le
861 2769 999 2833 granaglie.
1013 2795 1046 2805 -
1059 2769 1121 2835 imp.

669 2863 705 2882 ==
723 2843 870 2904 imperator.

161 2907 262 2975 impard
281 2910 353 2959 l'arte
371 2911 487 2970 oratoria,
504 2927 518 2960 e
538 2912 565 2961 fu
577 2913 616 2961 di·

161 2983 220 3032 feso
238 2996 288 3030 con
306 2982 376 3029 buon
402 2981 466 3030 esito
491 2981 615 3033 nell'ora·

159 3054 237 3102 zione
255 3060 349 3102 tuttora
365 3053 483 3102 esistente
493 3061 542 3120 pro
558 3053 617 3103 Cae·

162 3125 210 3173 lio.
226 3123 269 3173 Gli
283 3123 352 3181 edili,
367 3125 375 3170 i
388 3123 463 3187 primi
477 3125 616 3188 magistrati

162 3195 234 3259 dopo
259 3195 268 3243 i
296 3195 397 3259 pretori,
424 3211 500 3244 erano
525 3195 551 3244 di
580 3203 617 3245 tre

159 3266 265 3330 speeie:
286 3265 379 3330 plebei,
399 3266 488 3325 curuli,
507 3267 616 3326 cereali;

163 3337 173 3386 i
187 3336 268 3386 curuli
282 3353 296 3386 e
309 3337 317 3384 i
331 3337 456 3408 cereali-si
473 3337 619 3400 toglievano

161 3407 317 3458 dali'ordine
330 3407 372 3456 dei
384 3407 473 3472 patriai
483 3425 496 3458 e
506 3408 618 3457 diceansi

163 3499 178 3523 ι
202 3479 309 3528 curuli»
331 3474 423 3543 perche
441 3479 557 3542 godeano
576 3479 619 3529 del

163 3549 253 3599 diritto
280 3549 307 3598 di
335 3551 422 3598 sedere
453 3549 521 3600 nella
549 3550 619 3600 sedia

161 3620 262 3681 curule,
278 3641 289 3665 c
308 3621 423 3670 cereali»
439 3616 531 3686 perche
544 3637 617 3686 prov·

710 2925 730 2960 1.
745 2913 789 2960 Tu
797 2912 855 2960 vide
868 2927 945 2974 quam
958 2912 1042 2960 adme
1052 2926 1118 2964 ecc.:

669 2982 736 3031 bada
754 2982 800 3032 che
813 2982 837 3031 le
857 2989 899 3031 tue
918 2981 1008 3032 lettere
1021 2998 1074 3032 non
1086 2982 1123 3033 mi

670 3069 788 3117 vengono
801 3053 953 3118 recapitate;
967 3049 1058 3118 poiche
1070 3069 1124 3104 non

671 3125 706 3173 mi
725 3124 746 3172 si
766 3121 818 3188 pud
837 3123 875 3172 far
895 3126 997 3174 credere
1017 3139 1067 3173 ecc.

708 3209 732 3245 2.
751 3197 795 3244 abs
813 3203 857 3251 ἐκ
874 3198 919 3244 abs
937 3197 958 3245 si
971 3211 1038 3260 pone
1057 3194 1122 3244 sola·

671 3274 757 3316 mente
776 3266 877 3315 dinanzi
896 3284 911 3314 a
929 3274 952 3316 te
972 3265 1066 3316 enelle
1078 3283 1123 3332 pa·
1173 3265 1174 3270 ’

673 3337 725 3386 tole
745 3345 875 3402 composte
894 3338 996 3386 innanzi
1009 3353 1023 3385 a
1042 3355 1055 3384 c
1068 3353 1081 3386 e
1094 3344 1123 3394 t,·

672 3423 745 3457 come
762 3409 873 3466 abscedo,
892 3409 994 3459 abstuli.
1020 3408 1080 3456 Non
1101 3407 1124 3457 si

672 3480 728 3528 dice
747 3481 778 3528 ab
796 3486 827 3539 te,
844 3496 885 3527 ma
903 3495 919 3526 a
939 3487 961 3528 te
980 3495 995 3528 o
1013 3479 1057 3526 abs
1075 3485 1107 3526 tc.

709 3564 733 3616 3.
740 3552 894 3614 praesertim
907 3566 964 3598 cum
977 3555 1039 3597 esset
1050 3555 1125 3596 tanta

672 3637 714 3669 res
732 3628 819 3670 tantae
834 3621 1038 3684 gratulationis:
1067 3624 1130 3667 trat-
