2786 4280
313 323 482 366 rnrsrurna
505 323 659 365 sensenna
681 341 724 350 -
747 325 794 372 rr.
817 325 872 368 xu.
1024 327 1061 380 47

111 471 227 512 summa
250 451 362 526 caritas
387 450 574 512 et'homines
597 453 636 511 ad
659 454 806 512 theatrum
824 452 930 530 primo,
956 453 1065 514 deinde

112 543 149 601 ad
168 552 303 600 senatum
318 540 545 613 concurrissent,
568 540 698 617 impulsu
715 542 803 602 Clodi
818 561 885 601 meu
901 562 991 619 opera
1008 545 1064 602 fru-
1092 556 1128 616 55

111 630 204 690 menti
226 628 358 708 inopiam
372 650 436 690 esse
451 632 620 700 clamarent,
638 650 705 690 cum
721 650 774 708 per
796 650 847 690 eos
863 629 928 690 dies
948 643 1067 692 senatus

112 721 147 778 de
169 739 292 779 annona
307 721 473 790 haberetur,
492 719 576 778 etad
592 718 655 777 eius
671 719 909 796 procurationem
928 739 1065 780 sermone

111 828 169 868 non
194 810 291 868 solum
315 808 419 885 plebis,
437 826 540 866 verum
564 806 652 866 etiam
667 810 817 868 bonorum
840 808 1000 886 Pompeius
1014 829 1065 868 vo-

112 907 232 964 caretur,
259 897 350 974 idque
373 896 436 974 ipse
459 906 589 972 cuperet,
614 897 833 974 multitudoque
856 918 874 956 a
897 917 946 956 me
972 899 1067 956 nomi·

111 985 211 1058 natim,
237 996 271 1044 ut
295 987 327 1046 id
357 987 558 1056 decernerem,
582 987 751 1061 postularet,
785 987 841 1047 feci
871 996 901 1045 et
931 999 1066 1046 accurate
1092 986 1133 1040 60

111 1074 285 1133 sententiam
309 1072 379 1133 dixi.
427 1075 504 1132 Cum
527 1075 665 1133 abessent
687 1078 865 1148 consulares,
890 1077 972 1151 quod
1001 1085 1066 1134 tuto

113 1183 139 1223 se
161 1173 308 1240 negarent
330 1181 420 1240 posse·
439 1161 616 1221 sententiam
632 1161 740 1232 dicere,
765 1174 880 1241 praeter
896 1167 1065 1223 Messallam

112 1263 138 1311 et
160 1250 327 1325 Afranium,
353 1253 463 1312 facturn
494 1261 539 1310 est
561 1261 680 1310 senatus
708 1255 874 1312 consultum
906 1251 937 1311 in
965 1273 1065 1312 meam

112 1339 297 1411 sententiam,
323 1351 356 1401 ut
379 1359 447 1400 cum
462 1338 607 1416 Pompeio
623 1351 765 1416 ageretur,
791 1353 822 1400 ut
846 1361 911 1400 eam
935 1362 996 1401 rem
1021 1361 1066 1401 su-

112 1429 244 1507 sciperet,
270 1432 376 1504 lexque
392 1431 525 1489 ferretur.
571 1430 641 1504 Quo
657 1440 776 1489 senatus
791 1433 928 1491 consulto
944 1430 1066 1491 recitato
1091 1427 1130 1500 65

113 1537 174 1578 cum
197 1521 328 1596 populus
350 1537 434 1576 more
461 1519 518 1577 hoc
541 1516 653 1577 insulso
680 1528 710 1577 et
731 1539 812 1579 novo
835 1522 970 1596 plausum
997 1540 1065 1579 meo

112 1607 229 1666 nomine
262 1606 415 1668 recitando
438 1605 577 1679 dedisset,
601 1605 692 1665 habui
718 1607 898 1668 contionem.
953 1610 1066 1668 Omnes

113 1696 296 1774 magistratus
319 1706 489 1772 praesentes
505 1704 621 1772 praeter
636 1714 729 1754 unum
747 1707 912 1774 praetorem
936 1708 966 1757 et
989 1699 1065 1757 duos

146 2042 185 2096 53.
204 2033 316 2097 egimus:
334 2032 391 2081 resi.

146 2114 184 2166 54.
198 2105 236 2151 ad
245 2103 374 2151 theatrum
394 2101 457 2150 dov'e
470 2101 489 2150 il
502 2117 558 2165 pre·

612 2047 626 2080 e
645 2031 843 2096 quest¹incarico
861 2030 993 2096 volendosi
1007 2031 1065 2080 alfi-

612 2103 672 2152 dare
691 2119 706 2150 a
724 2103 849 2166 Pompeo.

115 2179 163 2224 tore
180 2175 209 2224 L.
229 2173 327 2223 Ceeilio
346 2190 423 2223 aveva
447 2172 557 2221 allestlto

115 2244 122 2291 i
138 2244 189 2293 ludi
205 2245 358 2310 Apollinari.

147 2324 185 2379 55.
198 2316 313 2380 impulsu
334 2316 421 2364 Clodi:
442 2331 488 2378 per
504 2315 558 2365 isti-

115 2387 211 2448 gazione
229 2387 254 2435 di
275 2386 379 2442 Clodio;
403 2385 422 2434 il
441 2386 482 2434 cui
500 2403 557 2451 par-

115 2457 157 2506 tito
168 2458 263 2506 undava
275 2457 448 2521 bisbigliando
461 2457 507 2506 che
520 2457 557 2520 gli

116 2527 218 2578 aderenti
230 2529 257 2577 di
269 2530 384 2594 Pompeo
401 2543 496 2577 aveano
509 2528 558 2576 im-

116 2599 194 2661 pedito
211 2601 257 2650 che
276 2600 375 2649 venisse
394 2599 413 2646 il
432 2614 510 2661 grano
529 2599 557 2647 in

116 2668 196 2728 Roma,
223 2667 333 2719 allinche
361 2670 379 2717 il
404 2669 498 2719 Senato
523 2685 556 2719 ne

116 2738 180 2790 desse
197 2741 212 2790 l'
222 2741 333 2790 lnearico
352 2757 367 2788 a
385 2741 507 2806 Pompe0.
523 2767 556 2775 -

117 2825 163 2858 mea
180 2821 268 2877 opera:
287 2827 333 2877 per
352 2811 404 2860 mia
422 2811 502 2876 colpa.
522 2837 556 2846 —

148 2881 184 2944 56.
197 2884 352 2932 clamarent:
364 2882 496 2930 andavano
506 2883 556 2946 gri·

118 2949 197 3002 dando.
221 2953 295 3003 Tutti
314 2954 323 3001 i
342 2953 500 3016 congiuntivi
523 2953 556 3002 da

118 3031 172 3072 esset
186 3041 200 3073 a
216 3024 364 3089 postularet
383 3039 447 3072 sono
470 3041 556 3074 narra-

117 3090 156 3140 tivi
168 3111 180 3143 e
194 3095 342 3155 coordinati,
356 3102 453 3144 mentre
463 3096 524 3158 feci
540 3091 555 3143 ὲ

119 3159 136 3208 il
154 3167 224 3215 verbo
250 3165 409 3233 principale;
438 3163 500 3230 perd
528 3166 555 3214 in

118 3231 209 3285 italinno
227 3245 300 3287 torna
322 3237 418 3300 meglio
440 3237 554 3286 dividere

119 3301 136 3348 ll
145 3308 240 3368 periodo
258 3309 285 3357 in
304 3309 362 3364 due,
376 3323 390 3357 e
403 3304 489 3372 percid
503 3309 553 3356 cla-

119 3387 208 3427 marent
222 3396 252 3428 va
264 3379 374 3428 tradotto
393 3378 553 3427 coll’indica-

121 3442 168 3508 fito,
178 3464 190 3498 e
203 3456 316 3515 separato
327 3449 368 3498 col
380 3456 461 3514 punto
472 3449 553 3498 fermo

121 3511 148 3560 da
167 3535 225 3578 cum,
243 3521 268 3570 al
293 3521 369 3585 quale
387 3520 553 3584 aggiungerai

121 3581 143 3630 la
157 3590 289 3654 opulativa
308 3611 321 3634 c
342 3592 386 3656 poi
409 3611 430 3641 ι.

153 3665 186 3718 57.
195 3665 260 3711 etad
266 3665 319 3712 eius
327 3662 554 3726 procurationem:

648 2174 690 2222 60.
710 2182 741 2222 ut
757 2173 788 2221 ia'
797 2175 967 2222 decernerem:
989 2174 1063 2223 alfin-

612 2241 658 2294 che
678 2261 712 2294 ne
731 2245 821 2294 lacessi
839 2244 865 2292 la
883 2253 1011 2310 proposta.

647 2315 689 2364 61.
710 2317 860 2364 sententiam
875 2317 944 2364 dixi:
962 2316 1031 2365 diedi
1044 2317 1062 2364 il

612 2387 663 2434 mio
677 2393 743 2434 voto.
756 2412 788 2420 —
803 2386 878 2445 Quod
885 2393 939 2434 tuto
949 2403 975 2434 se
989 2403 1062 2450 nega-

611 2465 672 2506 rent
689 2473 757 2506 ecc:
778 2453 871 2521 perche
895 2457 1017 2506 dieevano
1036 2458 1062 2504 di

611 2543 663 2576 non
678 2536 751 2592 poter
763 2535 849 2575 votare
862 2542 910 2575 con
929 2528 1061 2576 sicurezza.

647 2599 689 2646 62.
721 2605 828 2662 praeter
858 2597 1008 2646 Messallam
1039 2607 1065 2647 et

612 2670 764 2732 Afranium.
801 2669 921 2717 Messalla
951 2668 1062 2718 favoriva

610 2741 724 2804 Pompeo
749 2735 842 2804 perche
869 2755 971 2789 eercava
996 2739 1062 2790 forse

610 2811 635 2859 la
653 2811 735 2859 carica
753 2811 779 2858 di
800 2825 903 2861 censore
917 2827 962 2876 per
975 2811 1063 2860 l'auno

611 2888 740 2945 seguente.
765 2881 872 2930 Afranio
898 2883 941 2948 poi
967 2899 1009 2932 era
1027 2900 1063 2932 un

611 2968 691 3001 uomo
697 2952 779 3001 uscito
789 2952 831 3001 dal
844 2955 915 3002 nulla
927 2970 973 3020 per
985 2969 1063 3019 opera

610 3025 637 3072 di
654 3025 776 3088 Pompeo.

645 3094 686 3158 63.
706 3097 734 3142 in
753 3111 833 3144 meam
853 3098 1004 3145 sententiam
1017 3103 1060 3143 ut:

609 3165 722 3215 secondo
740 3165 765 3214 la
784 3165 835 3215 mia
854 3175 974 3232 proposta
993 3167 1047 3215 che.

644 3237 686 3286 66.
719 3253 788 3286 neore
825 3239 870 3286 hoc
903 3238 1002 3286 insulso
1039 3245 1064 3284 et

608 3324 673 3356 nouo
686 3328 694 3358 :
711 3324 804 3357 asanaa
822 3324 906 3357 nuova
924 3325 938 3358 e
957 3308 1061 3357 sciocca.

644 3378 686 3429 68.
701 3387 808 3444 praeter
823 3396 904 3428 unum
913 3386 1061 3443 praetorem

608 3457 633 3498 et
650 3452 713 3499 duos
726 3451 850 3499 tribunos.
866 3449 889 3498 Il
901 3457 1002 3514 pretore
1019 3463 1061 3496 era

607 3522 701 3586 Appio,
721 3520 822 3569 fratello
845 3521 871 3570 di
897 3520 995 3576 Clodio,
1016 3535 1029 3568 e
1052 3519 1060 3565 i

607 3591 658 3641 due
677 3592 772 3641 tribuni
792 3591 817 3640 S.
837 3591 928 3641 Altilio
952 3589 1060 3638 Serrano

607 3678 622 3712 e
640 3662 764 3712 Numerio
784 3662 901 3725 Quinzio.
