2788 4286
293 300 355 358 108
631 313 668 358 Μ.
691 313 722 360 τ,
748 310 911 356 ctcnnonrs

226 458 265 520 75
292 451 394 500 tamen
427 438 580 516 viverent;
626 439 715 500 armis
749 439 830 500 enim
864 438 1027 513 inferiores,
1066 459 1129 500 non
1167 459 1264 502 causa:

293 528 425 589 fuissent.

342 619 446 678 Habes
468 617 625 695 epistulam
648 616 849 678 verbosiorem
873 619 1004 690 fortasse,
1025 636 1117 693 quam
1140 619 1262 694 velles;

298 708 381 784 quod
404 705 460 766 tibi
482 705 524 766 ita
545 706 640 766 videri
662 709 783 784 putabo,
807 705 864 766 nisi
882 706 957 766 mihi
978 706 1146 784 longiorem
1169 705 1265 766 remi-

298 795 379 856 seris.
425 797 490 874 Ego
521 795 554 869 si,
587 815 662 872 quae
693 797 770 868 vo10,
801 795 971 874 expediero,
1003 795 1087 855 brevi
1118 805 1272 873 tempore·

228 888 268 944 80
296 895 335 959 te,
360 895 393 945 ut
414 905 511 963 spero,
535 882 655 945 videbo.

668 1119 877 1126 a——u—

555 1385 651 1443 XXV.
676 1381 732 1460 (ad
749 1383 838 1445 Fam.
858 1384 910 1454 IV,
937 1381 982 1461 4).

327 1543 443 1591 Informa
461 1541 576 1607 Sulpicio
595 1541 635 1590 del
656 1542 751 1592 ritorno
769 1541 795 1590 di
814 1543 850 1590 M.
863 1541 994 1590 Marcello.
1014 1541 1110 1610 Scritta
1124 1543 1153 1591 in
1165 1543 1263 1594 Roma

290 1629 306 1661 o
326 1613 377 1662 alla
397 1613 446 1662 fine
465 1613 492 1660 di
511 1613 647 1663 settembre
665 1629 680 1661 o
699 1613 723 1662 ai
742 1612 818 1678 primi
837 1613 863 1661 di
881 1613 982 1662 ottobre
1001 1613 1043 1662 del
1066 1612 1118 1675 708
1138 1613 1210 1679 (46).

458 1809 494 1857 n.
513 1806 643 1857 cronno
661 1807 686 1859 s.
704 1808 737 1858 n.
758 1808 830 1858 snn.
850 1807 1010 1860 sonnrcao
1029 1806 1040 1872 (
1056 1808 1076 1872 ).

335 1949 459 2028 Accipio
482 1950 702 2012 excusationem
732 1960 824 2024 tuam,
849 1969 908 2027 qua
938 1970 1008 2011 usus
1038 1971 1078 2024 es,
1112 1971 1265 2018 carsae·

290 2037 358 2117 pius
381 2040 419 2098 ad
442 2059 491 2104 me
514 2039 625 2100 litteras
648 2059 709 2100 uno
732 2041 869 2117 exemplo
892 2039 1034 2113 dedisses
1059 2043 1111 2100 sed
1134 2042 1266 2122 accipio

290 2147 326 2187 ex
349 2147 385 2187 ea
406 2139 499 2206 parte,
524 2138 669 2205 quatenus
691 2138 743 2188 aut
765 2129 953 2206 neglegentia
976 2140 1028 2189 aut
1057 2129 1265 2208 improbitate

290 2236 404 2291 eorum,
429 2215 480 2292 qui
504 2215 644 2294 epistulas
666 2216 820 2295 accipiant,
845 2217 908 2278 fieri
931 2217 1042 2293 scribis,
1067 2237 1106 2277 ne
1129 2220 1168 2279 ad
1195 2241 1261 2282 nos

250 2322 266 2384 5
291 2308 494 2384 perferantur;
536 2306 616 2365 illam
639 2316 754 2383 partem
778 2305 982 2380 excusationis,
1009 2326 1069 2385 qua
1090 2316 1120 2367 te
1144 2308 1270 2370 scribis.

291 2394 452 2455 ‘orationis
475 2404 649 2472 paupertate
663 2393 746 2472 ’(sic
762 2394 842 2455 enim
861 2395 1005 2475 appellas)
1029 2395 1123 2456 isdem
1148 2398 1260 2459 verbis

290 2483 430 2562 epistulas
453 2484 569 2561 saepius
592 2483 717 2557 mittere,
742 2504 799 2544 nec
820 2502 912 2544 nosco
935 2504 991 2546 nec
1013 2486 1120 2562 probo
1146 2496 1177 2544 et
1192 2505 1261 2565 ego

289 2573 361 2651 ipse,
387 2593 477 2650 quem
500 2583 533 2632 tu
556 2591 610 2650 per
633 2572 731 2633 iocum
762 2570 816 2650 (sic
838 2571 918 2632 enim
948 2572 1076 2653 accipio)
1108 2573 1267 2636 ‘divitias

289 2661 450 2722 orationis’
474 2663 585 2721 habere
608 2660 690 2735 dicis,
715 2680 763 2721 me
787 2681 848 2721 non
870 2680 934 2722 esse
961 2663 1121 2722 verborum
1144 2665 1259 2724 admo·

324 2867 360 2935 (*)
377 2870 429 2920 Cfr.
449 2871 520 2930 XXI,
539 2869 579 2936 (*).
795 2873 863 2922 tivo?
878 2899 910 2908 —·
920 2873 986 2938 fieri
1003 2870 1075 2939 equi
1089 2881 1161 2924 usato
1174 2889 1266 2927 come

329 2955 349 2990 1.
378 2943 565 2991 excusationem
589 2951 669 3001 tuam,
689 2961 740 3008 qua
795 2943 895 3010 passivo
913 2944 940 2992 di
949 2945 1034 3008 sacia,
1060 2944 1150 3011 quindi
1175 2945 1194 2994 il
1224 2965 1265 2997 ne

289 3029 354 3062 usus
372 3029 405 3071 es,
420 3029 483 3061 cur:
502 3013 527 3062 la
546 3030 619 3064 seusa
637 3014 683 3066 che
698 3015 740 3064 hai
794 3031 841 3082 per
858 3015 970 3066 indicare
995 3016 1015 3064 il
1041 3015 1092 3066 fine
1113 3016 1263 3080 negativ03

289 3083 395 3133 addotta
413 3082 447 3131 di.
795 3103 822 3136 se
841 3085 998 3150 significasse
1026 3107 1038 3131 ι
1058 3087 1184 3148 arvenire,
1209 3105 1261 3139 ac-

329 3167 352 3203 2.
364 3155 464 3204 litteras
474 3171 526 3204 uno
536 3157 661 3220 exempla:
674 3157 740 3208 delle
794 3157 884 3209 cadere
903 3177 916 3201 ι
937 3158 1044 3209 sarebbe
1061 3159 1185 3208 costruito
1203 3175 1260 3211 con

289 3225 379 3275 lettere
398 3225 424 3273 di
449 3241 485 3274 un
510 3226 548 3276 sol
576 3235 670 3292 tenore,
696 3245 740 3294 op·
795 3236 827 3279 ut
844 3245 905 3278 nan.

290 3313 369 3363 pure:
388 3296 431 3345 del
450 3298 590 3347 medesimo
610 3306 704 3350 tenore.
832 3299 856 3348 6.
876 3301 1021 3349 arationis:
1047 3299 1073 3348 di
1094 3300 1192 3364 lingua.
1218 3327 1258 3338 -

327 3380 351 3430 3.
378 3383 409 3416 ex
434 3384 463 3416 ea
483 3377 569 3433 parte,
594 3378 739 3434 quatenus:
795 3371 911 3420 sicanim
926 3371 1056 3436 appellas:
1074 3369 1126 3421 cosi
1144 3371 1170 3420 la
1184 3372 1261 3422 chia·

200 3443 203 3452 ⁴
290 3439 345 3489 solo
365 3456 410 3504 per
428 3447 519 3504 questo
538 3442 643 3506 rispetto
662 3441 716 3490 che.
796 3442 832 3490 mi
851 3449 887 3490 tu.

325 3526 350 3573 4.
376 3513 423 3575 qai
448 3512 569 3576 epistulas
596 3513 741 3576 accipiant:
833 3511 856 3562 8.
876 3514 912 3562 sic
931 3515 998 3562 enim
1016 3514 1128 3578 accipio:
1145 3511 1198 3562 cosi
1211 3513 1263 3564 in·

290 3583 337 3632 che
362 3583 461 3648 piglian
479 3583 504 3632 le
529 3582 619 3632 lettere
644 3597 689 3647 per
708 3583 739 3631 ri·
796 3589 907 3650 terpreto
927 3585 960 3634 io.

290 3653 428 3718 capitarle;
455 3649 547 3719 perche
569 3654 594 3702 al
619 3654 741 3718 congiun-
