2788 4286
305 290 479 336 EPISTULAE
502 289 656 334 SELECTAE
681 307 722 317 -
745 291 793 334 ΕΡ.
816 292 903 334 ΧΧΙΙΙ.

114 417 253 497 gesseriS,
279 421 429 496 praeclare
452 415 595 494 memini;

1019 294 1077 333 101

634 419 687 478 sed
710 418 790 478 idem
820 417 908 478 etiam
931 417 981 477 illa
1006 417 1077 492 vidi,

116 527 220 585 neque
244 519 273 568 te
296 507 453 568 consilium
476 506 569 568 civilis
592 507 663 567 belli
685 507 726 567 ita
747 505 871 584 gerendi
900 527 957 568 nec
979 507 1079 586 copias

116 597 178 660 Cn.
202 595 328 674 Pompei
356 615 412 656 nec
443 615 536 674 genus
567 595 711 657 exercitus
741 597 867 674 probare
901 615 1078 674 semperque

117 705 237 746 summe
260 685 416 762 diffidere;
456 685 568 762 quain
592 685 738 744 sententia
768 705 816 744 me
843 703 963 762 quoque
987 684 1076 744 fuisse

116 774 266 835 memoria
287 785 388 834 tenere
411 783 440 832 te
463 773 599 835 arbitror.
644 777 747 851 Itaque
770 791 869 851 neque
895 784 928 834 tu
950 774 1076 832 multum
1106 790 1141 852 15

118 861 278 934 interfuisti
307 865 397 923 rebus
427 863 572 940 gerendis,
604 873 634 922 et
664 882 720 940 ego
748 863 779 922 id
809 882 926 941 semper
953 862 1009 940 egi,
1040 882 1079 923 ne

116 951 316 1012 interessem:
356 971 417 1011 non
441 952 520 1011 enim
547 952 582 1012 iis
604 953 694 1012 rebus
724 952 938 1030 pugnabamus,
970 952 1079 1028 quibus

117 1043 218 1101 valere
235 1051 413 1118 poteramus,
431 1041 566 1114 consilio,
584 1040 767 1113 auctoritate,
786 1060 882 1110 causa,
901 1060 977 1117 quae
993 1051 1078 1101 erant
1130 1068 1132 1072 ·

116 1129 149 1189 in
174 1129 263 1190 nobis
286 1128 444 1206 superiora,
470 1131 522 1189 sed
548 1129 665 1190 lacertis
688 1141 718 1190 et
739 1129 860 1203 viribus,
893 1129 1001 1205 quibus
1029 1149 1078 1207 pa·

114 1239 250 1279 resnou
274 1237 399 1279 eramus
444 1219 523 1280 Victi
545 1238 646 1279 sumus
664 1218 751 1296 igitur
776 1228 836 1290 aut,
869 1217 893 1277 si
923 1218 1002 1280 vinci
1032 1217 1074 1278 di·
1101 1240 1138 1278 20

114 1307 214 1385 gnitas
237 1327 298 1367 non
314 1317 421 1385 potest,
447 1308 530 1368 fracti
553 1317 634 1369 certo
658 1318 688 1367 et
703 1307 820 1368 abiecti.
859 1309 894 1365 In
910 1327 971 1385 quo
993 1318 1078 1368 tuum

114 1396 274 1457 consilium
299 1415 388 1456 nemo
411 1407 511 1474 potest
533 1417 594 1456 non
611 1396 739 1457 maxime
762 1396 892 1468 laudare,
908 1398 993 1474 quod
1009 1415 1077 1458 cum

115 1505 171 1564 spe
195 1484 335 1546 vincendi
358 1483 446 1544 simul
468 1485 600 1546 abiecisti
623 1484 756 1546 certandi
779 1484 868 1545 etiam
884 1485 1077 1563 cupiditatem

113 1573 335 1650 ostendistique
365 1574 528 1652 sapientem
559 1585 589 1634 et
619 1577 732 1634 bonum
763 1569 858 1636 civem
889 1573 972 1635 initia
1002 1574 1074 1636 belli

113 1663 210 1725 civilis
232 1662 358 1722 invitum
375 1663 531 1742 suscipere,
550 1674 681 1724 extrema
696 1663 823 1722 libenter
841 1683 904 1723 non
926 1662 1074 1742 persequi.
1101 1679 1138 1740 25

113 1752 178 1828 Qui
201 1771 264 1812 non
286 1751 367 1810 idem
390 1752 556 1826 consilium,
574 1755 656 1829 quod
671 1763 712 1825 tn,
738 1751 831 1812 secuti
854 1764 931 1825 sunt,
961 1772 1013 1812 eos
1035 1754 1076 1812 vi·

114 1843 177 1901 deo
200 1841 309 1900 induo
332 1859 441 1917 genera
458 1861 521 1901 esse
544 1841 720 1902 distractos:
760 1851 811 1901 aut
834 1840 912 1901 enim
933 1861 1076 1902 renovare

112 1932 230 1990 bellum
252 1928 351 1990 conati
374 1940 442 1990 sunt
464 1929 493 2004 ii,
523 1931 574 2008 qui
597 1950 628 1990 se
651 1929 682 1989 in
714 1929 844 1990 Africam
875 1933 1074 2006 contulerunt,

113 2029 175 2093 aut,
193 2037 285 2095 quem
302 2019 480 2078 admodum
496 2039 558 2092 nos,
576 2019 680 2080 victori
696 2039 760 2079 sese
772 2018 973 2080 crediderunt.
1012 2023 1075 2080 Me-

113 2107 199 2168 dium
223 2107 377 2183 quoddam
400 2117 484 2167 tuum
508 2108 663 2168 consilium
696 2108 758 2183 fuit,
791 2108 842 2185 qui
866 2110 924 2169 hoc
954 2111 1075 2169 fortasse
1099 2128 1140 2185 30

112 2195 235 2256 humilis
259 2195 350 2255 animi
373 2197 505 2272 duceres,
530 2196 604 2258 illud
627 2196 795 2275 pertinacis.
841 2201 948 2258 Fateor
973 2217 991 2258 a
1013 2199 1074 2275 ple·

112 2285 215 2362 risque
238 2287 287 2344 vel
311 2283 407 2345 dicam
430 2287 470 2345 ab
493 2285 633 2346 omnibns
655 2285 772 2365 sapiens
795 2296 879 2346 tuum
907 2285 1072 2359 consilium,

156 2579 195 2616 11.
225 2567 305 2616 idem:
332 2567 358 2616 in
387 2567 441 2632 pari
471 2573 566 2633 tempo.

114 2637 169 2687 Cfr.
190 2637 215 2688 S.
233 2638 263 2686 F.
283 2647 326 2702 45.
464 2639 467 2648 ’

155 2723 194 2772 13.
212 2725 259 2758 nec
274 2726 357 2774 genus
376 2711 517 2758 exercitus:
535 2706 568 2758 ne

113 2781 140 2830 la
159 2778 258 2846 qnalitt
276 2780 335 2830 dell¹
345 2780 459 2841 esercito,
475 2777 568 2846 perche

112 2853 232 2917 Pompeo
249 2867 326 2901 aveva
339 2857 405 2900 sotto
425 2851 433 2900 i
453 2853 509 2900 suoi
528 2867 567 2901 or·

112 2923 171 2976 dini.
189 2921 282 2972 soldati
302 2921 479 2985 raccogliticci,
496 2939 566 2972 men·

112 3001 154 3043 tre
170 2993 264 3044 Cesare
277 2993 432 3042 comandava
446 2994 567 3044 robustis·

111 3065 178 3115 sime
197 3065 303 3129 legioni.

154 3149 192 3198 14.
207 3153 260 3200 qua
273 3137 302 3186 in
315 3135 441 3187 sententia
456 3154 494 3186 me
507 3153 567 3200 quo·

112 3223 164 3271 quc
179 3207 286 3272 fuisse:
311 3208 390 3258 eche
415 3208 486 3258 anch'
498 3208 523 3256 io
542 3208 568 3257 la

111 3279 230 3343 pensassi
250 3277 311 3328 cosi.

151 3361 191 3412 17.
211 3351 244 3398 iis
265 3352 366 3400 rebus...
393 3351 502 3414 quibus:
527 3351 566 3400 coi

109 3420 199 3480 mezzi,
219 3423 263 3485 pei
282 3421 360 3486 quali.

151 3490 190 3540 18.
207 3508 300 3541 causa:
315 3493 401 3556 giusta
414 3508 496 3542 causa.
510 3493 565 3542 Pri-

107 3578 154 3612 ma
162 3562 306 3682 dibconsilio
315 3563 359 3614 nel
370 3565 482 3614 tradurre
494 3565 566 3614 metti

109 3653 123 3678 ι
146 3647 186 3683 cro
225 3652 247 3682 ι.

662 2581 701 2630 19.
722 2568 824 2616 lacertis
837 2574 862 2616 et
874 2568 987 2616 viribus:
1006 2566 1073 2616 colla

623 2639 691 2688 sorza
719 2638 787 2689 delle
815 2638 930 2697 braccia;
960 2637 1072 2688 endiadi.

623 2709 674 2758 Cfr.
695 2710 719 2759 S.
738 2709 767 2757 F.
789 2723 829 2774 23,
849 2725 870 2758 c.

659 2793 700 2832 20.
720 2782 850 2844 dignitas:
875 2781 894 2830 il
919 2779 1073 2831 sentimento

622 2852 646 2900 d¹
654 2868 741 2902 onore.

659 2934 700 2988 25.
720 2930 848 2972 extrema:
867 2923 924 2972 sino
943 2922 994 2972 ulla
1012 2922 1070 2973 fine.

658 3007 699 3058 27.
723 2995 821 3043 induo
837 3010 948 3060 genera:
970 2996 998 3044 in
1022 2995 1072 3044 due

621 3066 703 3116 classi.

659 3150 699 3199 29.
720 3153 795 3200 quem
817 3139 855 3186 ad
879 3139 981 3186 modum
1005 3153 1073 3186 nos:

622 3224 695 3260 come
712 3208 747 3256 ho
766 3208 830 3257 fatto
848 3208 881 3259 io.
902 3235 936 3245 —
954 3208 1072 3257 Medium

622 3281 749 3344 quoddam
778 3287 852 3328 tuum
880 3295 949 3332 ecc:
976 3287 1005 3328 tu
1032 3295 1072 3328 se-

621 3350 707 3414 guisti,
733 3365 778 3417 per
796 3349 849 3400 cosi
874 3351 934 3410 dire,
961 3365 1013 3400 una
1031 3351 1071 3398 via

620 3422 647 3470 di
666 3438 758 3471 mezzo.

658 3507 700 3556 30.
720 3493 767 3557 qui
779 3513 812 3534 =
827 3509 884 3542 cum
903 3501 940 3553 tu,
960 3490 1071 3543 causale.

657 3577 698 3628 32.
718 3565 761 3613 vel
778 3565 878 3614 dicam:
902 3581 918 3614 0
937 3561 993 3614 diro,
1016 3578 1074 3614 me*

620 3635 681 3700 glio.
