2788 4286
670 294 703 336 M.
727 292 757 338 Τ.
780 291 942 336 CICERONIS

595 545 707 602 XXIV.
730 540 787 619 (ad
805 543 892 604 Fam.
907 545 973 617 VII,
1000 543 1041 624 3).

365 683 468 748 Espone
493 682 517 732 le
537 682 635 746 ragioni
658 698 704 748 per
728 683 753 732 le
778 683 855 748 quali,
881 683 952 732 vinto
976 685 1097 749 Pompeo,
1122 686 1144 734 si
1164 683 1235 736 ritirb
1257 688 1278 736 ir

330 753 421 804 Roma.
441 754 532 805 Scritta
551 755 583 802 da
601 761 690 819 questa
708 751 769 802 citri
788 753 871 819 prima
891 754 933 804 del
952 757 1089 805 settembre
1110 755 1161 818 708
1181 757 1246 823 (46).

542 915 578 964 M.
598 913 728 964 cronno
746 913 771 963 s.
791 915 824 965 D.
843 916 879 963 M.
899 915 1014 965 MAR10
1032 915 1074 980 c).

373 1045 519 1119 Persaepe
541 1040 615 1101 mibi
638 1040 779 1118 cogitanti
802 1043 840 1102 de
863 1042 1071 1102 communibus
1094 1043 1226 1116 miseriis,
1249 1043 1278 1103 in
1361 1055 1365 1071 ⁶

330 1129 438 1209 quibus
460 1140 505 1190 tot
527 1150 622 1190 annos
652 1149 803 1190 versamur
829 1141 867 1205 et,
900 1141 933 1191 ut
962 1131 1059 1206 video,
1089 1131 1273 1205 versabimur,
1362 1190 1366 1201 ,

329 1223 405 1282 solet
427 1219 458 1279 in
481 1230 612 1280 mentem
635 1218 737 1279 venire
767 1219 845 1279 illius
874 1219 1024 1298 temporis,
1056 1239 1118 1296 quo
1150 1221 1278 1299 proxime
1365 1209 1366 1257 3

329 1309 438 1369 luimus
460 1325 539 1383 una;
578 1307 651 1384 quin
674 1309 763 1368 etiam
785 1307 883 1387 ipsum
906 1309 986 1369 diem
1006 1309 1151 1370 memoria
1172 1321 1279 1384 teneo;
1363 1310 1367 1381 ζ

288 1414 305 1476 5
331 1419 400 1458 narn
423 1418 450 1457 a.
474 1400 504 1458 d.
529 1399 642 1457 11111d.
666 1396 738 1460 Mai.
762 1400 890 1458 Lentulo
911 1407 941 1457 et
957 1400 1098 1458 Marcello
1118 1419 1191 1474 cos,
1215 1417 1276 1458 cum

330 1485 361 1546 in
395 1485 609 1563 Pompeianum
644 1484 760 1564 vesperi
794 1486 949 1559 venissem,
986 1497 1017 1546 tu
1051 1486 1124 1546 mihi
1160 1487 1281 1548 sollicito

330 1574 431 1634 animo
454 1585 571 1652 praesto
595 1575 684 1635 luisti.
731 1574 896 1636 Sollicitum
919 1587 1018 1636 autem
1034 1585 1064 1634 te
1083 1578 1216 1636 habebat
1237 1596 1279 1636 co·

329 1661 432 1740 gitatio
455 1683 523 1724 cum
546 1662 635 1725 officii
658 1675 721 1723 tum
745 1663 833 1724 etiam
863 1663 987 1741 periculi
1015 1663 1084 1724 mei.
1130 1664 1163 1726 Si
1187 1684 1280 1724 mane·

330 1771 393 1812 rem
412 1751 444 1811 in
467 1751 560 1826 Italia,
577 1755 727 1826 verebare,
744 1773 784 1822 ne
807 1752 905 1814 officio
929 1755 1084 1828 deessem;
1123 1753 1147 1812 si
1171 1753 1279 1832 profici·

264 1858 307 1901 ro
332 1860 429 1902 scerer
462 1843 500 1901 ad
530 1843 652 1914 bellum,
683 1841 846 1919 periculum
876 1852 907 1901 te
933 1862 1033 1902 meum
1064 1845 1281 1904 commovebat.

330 1932 399 2006 Quo
422 1940 558 2008 tempore
587 1929 688 1990 vidisti
709 1933 842 2009 profecto
873 1949 920 1990 me
944 1950 1067 2008 quoque
1096 1931 1137 1990 ita
1168 1942 1279 1992 contur-

327 2021 441 2093 batum,
467 2029 584 2079 utnon
608 2019 794 2097 explicarem,
819 2018 891 2096 quid
918 2030 994 2080 esset
1016 2019 1164 2098 optimum
1196 2022 1281 2081 lactu.

364 2280 397 2348 (*)
423 2285 510 2337 Marco
534 2284 624 2342 Mario,
653 2299 730 2333 uomo
755 2285 781 2334 di

328 2356 417 2421 spirito
430 2363 527 2420 arguto,
541 2371 584 2404 era
602 2355 684 2404 amico
697 2356 723 2403 di
739 2354 781 2404 Ci-

328 2442 428 2488 cerone,
448 2428 480 2477 ed
499 2426 632 2476 ambedue'
644 2427 664 2476 si
683 2435 780 2476 mante-

328 2514 427 2548 nevano
447 2498 473 2548 in
489 2499 700 2563 corrlspondenza
712 2498 780 2548 dalle

327 2569 383 2620 loro
402 2571 463 2620 ville
482 2585 568 2636 presso
587 2570 702 2635 Pompei.

367 2654 388 2690 1.
409 2643 549 2706 cogitanti:
568 2640 611 2691 nel
629 2656 744 2705 pensare.

364 2725 389 2776 3.
413 2712 486 2760 illius
514 2713 641 2777 temporis,
667 2711 780 2776 genitivo

328 2791 393 2832 retto
403 2782 436 2830 da
447 2785 535 2831 venire
544 2786 573 2832 in
583 2791 698 2832 arentem.
712 2783 780 2845 Que·

328 2860 367 2902 sta
394 2853 460 2902 irase
488 2850 540 2917 pub
567 2869 640 2902 avere
669 2870 732 2919 pure
760 2852 779 2900 il

328 2938 404 2972 nome
424 2922 491 2972 della
510 2939 568 2974 cosa
580 2924 627 2974 che
646 2924 667 2973 si
682 2925 780 2974 ricorde

329 2994 356 3042 in
375 2994 540 3055 nominativo,
555 3011 570 3044 0
586 2996 667 3046 anche
686 3012 721 3045 un
739 2996 779 3044 in-

328 3063 401 3114 finito
424 3081 469 3129 per
488 3073 612 3130 soggetto,
632 3082 704 3118 come
729 3067 780 3116 alla

328 3134 418 3186 lettera
431 3135 538 3194 XXVII,
554 3147 594 3200 55.
610 3165 642 3173 —
656 3154 706 3201 quo
715 3147 780 3202 pro·

327 3207 396 3255 xime
405 3206 513 3269 fuimus
526 3224 597 3257 una:
616 3208 664 3258 che
680 3209 779 3258 summo

327 3275 344 3324 l'
356 3276 446 3326 ultima
466 3276 533 3326 volta
551 3278 666 3328 insieme.

363 3361 388 3408 4.
409 3350 513 3411 ipsum:
533 3349 639 3414 preciso.
656 3359 659 3367 ·

365 3428 388 3481 5.
408 3419 518 3468 Lentulo
543 3427 567 3469 et
584 3419 711 3469 Marcello
730 3437 778 3470 cos.

327 3491 366 3540 La
384 3490 528 3556 copulativa
552 3486 566 3539 ὲ
591 3497 663 3540 usata
686 3487 779 3556 perche

327 3561 369 3612 dei
394 3563 444 3612 due
463 3562 560 3612 consoli
585 3559 598 3610 ὲ
622 3563 734 3612 indicato
759 3562 779 3611 il

320 3632 382 3682 sssolo
406 3649 483 3683 nome
509 3633 657 3699 gentilizi0;
686 3650 713 3684 se
739 3634 777 3682 in·

835 2285 942 2334 siemea
961 2290 1051 2348 questo
1065 2284 1130 2334 fosse
1147 2290 1283 2336 accennato

835 2355 915 2404 anche
940 2354 959 2402 il
983 2370 1113 2419 prenome‚
1132 2357 1153 2405 si
1179 2361 1280 2404 omette·

835 2426 914 2476 rebbe
931 2425 956 2474 la
981 2425 1166 2489 congiumione
1192 2434 1223 2486 et,
1247 2425 1281 2474 di·

834 2497 952 2547 cendosi:
972 2497 1052 2545 Lucio
1070 2497 1190 2556 Lentulo,
1210 2497 1281 2546 clau-

834 2569 875 2616 dio
899 2567 1025 2616 Marcello
1050 2585 1097 2617 cos.
1124 2567 1176 2618 Cfr.
1205 2568 1230 2618 S.
1254 2567 1283 2615 L.

835 2639 865 2689 G.
885 2639 918 2697 ΙΙ,
942 2649 997 2702 145,
1020 2651 1059 2701 13.

870 2709 894 2760 6.
912 2711 941 2758 in
960 2710 1165 2774 Pompeianum:
1184 2710 1281 2760 aPom-

833 2781 946 2846 peiano;
979 2781 1074 2846 podere
1103 2781 1130 2830 di
1162 2780 1284 2830 Cicerone

833 2867 920 2917 presso
938 2852 1054 2917 Pompei.
1074 2879 1107 2888 -
1131 2853 1240 2901 sollicito
1256 2865 1282 2897 a·

833 2923 902 2971 nimo
925 2930 1032 2986 praesto
1056 2924 1157 2986 fuisti:
1186 2923 1205 2972 ti
1232 2936 1282 2970 mo·

833 2993 916 3043 strasti
935 3010 950 3042 a
969 3009 1010 3043 me
1028 3000 1094 3042 tutto
1114 2994 1264 3058 angustiato.

869 3078 893 3126 9.
913 3065 937 3113 si
948 3065 1125 3129 proficiscerer
1137 3066 1176 3112 ad
1183 3065 1283 3113 bellum.

833 3137 947 3200 Pompeo
975 3151 1017 3184 era
1042 3132 1084 3199 git
1112 3135 1206 3200 partito
1234 3133 1281 3183 alla

832 3207 901 3256 volta
919 3206 987 3256 della
1001 3207 1093 3256 Grecia
1110 3221 1156 3272 per
1172 3205 1281 3255 combat·

833 3285 886 3328 tere
905 3285 992 3326 contro
1011 3277 1020 3326 i
1037 3277 1173 3343 pertigiani
1192 3277 1219 3326 di
1237 3275 1282 3324 Ce-

832 3365 895 3398 sare.
923 3347 1046 3398 Cicerone
1071 3364 1113 3398 era
1137 3349 1233 3397 incerto
1257 3361 1284 3394 se

832 3420 937 3470 dovesse
956 3420 1074 3484 seguirlo.

872 3502 911 3539 12.
931 3499 963 3540 ut
979 3507 1032 3540 non
1056 3489 1228 3553 explicarem:
1252 3487 1282 3536 da

833 3577 885 3611 non
904 3576 978 3628 saper
996 3561 1120 3611 decidere.
