2786 4280
369 333 537 378 rrrsrums
560 335 715 378 senseras
737 351 781 364 -
804 336 852 383 rr.
876 337 929 384 xv.
1084 324 1124 380 61

159 460 348 542 posteritatis
370 464 409 522 ad
432 481 516 540 spem
539 461 689 540 quandam
713 460 943 522 immortalitatis
961 461 1048 541 rapit,
1074 462 1127 522 sed

165 551 257 611 etiam
288 550 340 610 illa
370 549 527 628 cupiditas
551 560 585 609 ut
606 552 666 610 vel·
684 549 860 610 auctoritate
890 549 1052 611 testimonii
1083 551 1126 612 tui

163 642 217 700 vel
238 638 350 700 iudicio
373 638 601 700 benevolentiae
624 640 672 698 vel
688 638 830 699 suavitate
850 638 963 716 ingenii
986 639 1047 700 vivi
1061 660 1126 718 per·
1156 655 1191 716 ις

157 731 307 789 fruamur.

213 821 320 894 Neque
345 827 456 892 tamen,
486 819 560 876 haec
590 835 657 876 cum
689 815 865 891 scribebam,
890 836 969 876 cram
1001 817 1126 894 nescius,

160 906 288 984 quantis
311 907 452 966 oneribus
475 911 642 984 premerere
666 914 868 982 susceptarum
890 925 990 965 rerum
1016 915 1046 966 et
1068 907 1127 966 iam

158 995 388 1070 institutarum
429 997 491 1068 sed,
517 993 586 1073 quia
608 994 748 1054 videbam
772 993 866 1054 Italici
890 995 961 1054 belli
984 1005 1015 1054 et
1034 994 1128 1056 civilis

157 1083 321 1144 historiam
344 1083 404 1143 iam
427 1104 445 1143 a
468 1095 497 1142 te
514 1102 610 1161 paene
626 1103 689 1143 esse
705 1084 875 1160 perfectam,
894 1083 1011 1144 dixeras
1026 1094 1127 1143 autem
1153 1103 1192 1140 20

156 1172 241 1233 mihi
263 1183 293 1232 te
316 1172 444 1250 reliquas
468 1191 514 1232 res
538 1170 637 1246 ordiri,
662 1173 765 1232 deesse
789 1169 862 1230 mihi
885 1173 976 1247 nolui,
1001 1172 1073 1249 quin
1097 1183 1127 1233 te

153 1263 370 1336 admonerem,
396 1272 429 1321 ut
457 1260 609 1338 cogitares,
635 1260 833 1320 coniunctene
860 1263 964 1321 malles
987 1280 1054 1322 cum
1084 1281 1127 1321 re·

156 1350 255 1428 liquis
277 1352 367 1410 rebus
390 1359 491 1410 nostra
512 1351 679 1422 contexere,
697 1368 745 1422 an,
767 1359 801 1408 ut
817 1349 903 1409 multi
927 1349 1033 1411 Graeci
1052 1352 1128 1410 fece·

152 1448 244 1510 runt,
274 1438 471 1499 Callisthenes
501 1439 663 1498 Phocicum
692 1439 813 1511 bellum,
844 1438 984 1498 Timaeus
1013 1438 1126 1517 Pyrrhi,

157 1527 312 1604 Polybius
334 1526 560 1602 Numantinum,
585 1527 637 1603 qui
660 1546 765 1586 omnes
789 1547 808 1585 a
831 1527 981 1605 perpetuis
1005 1528 1064 1588 suis
1086 1527 1129 1590 hi·
1154 1544 1192 1602 25

156 1615 266 1676 storiis
289 1636 331 1690 ea,
350 1635 426 1693 quae
442 1615 512 1690 dixi,
529 1617 609 1675 bella
625 1626 844 1694 separaverunt,
862 1627 895 1676 tu
910 1636 1031 1695 quoque
1046 1617 1127 1679 idem

157 1704 285 1767 civilem
309 1705 544 1767 coniurationem
569 1706 608 1764 ab
639 1704 796 1764 hostilibus
822 1705 1011 1782 externisque
1041 1706 1128 1766 bellis

156 1794 346 1872 seiungeres.
400 1793 550 1871 Equidem
573 1794 612 1853 ad
627 1803 758 1854 nostram
773 1795 894 1853 laudem
914 1814 976 1854 non
998 1797 1128 1855 multum

202 2057 245 2106 14.
264 2045 311 2094 a'lla
330 2043 465 2107 cupiditas,
490 2050 545 2092 ut...
563 2043 619 2092 vivi

149 2115 360 2182 perfruamur:
385 2112 463 2178 quell¹
475 2113 617 2162 ambizione

155 2189 187 2236 di
208 2187 305 2251 godere
324 2186 352 2234 in
374 2185 433 2233 vita.
453 2209 486 2218 —
505 2186 617 2234 auctari·

154 2266 218 2308 tate
229 2275 238 2306 :
254 2258 281 2307 la
298 2255 424 2321 garanzia.

201 2339 246 2390 17.
264 2329 323 2376 baec
342 2342 400 2376 cum
424 2327 568 2384 scribebam,
594 2342 617 2375 e·

156 2416 224 2450 ram
245 2400 344 2447 nescius
362 2413 414 2447 ecc.
434 2412 498 2447 sono
523 2398 618 2462 imper·

157 2471 224 2521 fetti
244 2465 313 2519 dello
331 2468 389 2518 stile
410 2467 554 2533 epistolare,
571 2468 618 2516 che

157 2556 253 2591 vanno
271 2540 374 2589 tradotti
393 2538 433 2589 col
451 2546 577 2604 presente.

200 2609 247 2662 18.
271 2618 425 2674 premerere,
453 2609 618 2674 congiuntivo

156 2682 238 2734 della
262 2681 462 2746 interrogazione
491 2681 617 2730 indiretta.

156 2753 279 2804 Ricorda
297 2753 343 2803 che
356 2754 437 2818 quest'
445 2751 591 2817 imperfetto
604 2747 618 2799 ὲ

150 2825 258 2876 voluto
281 2823 313 2872 da
332 2839 410 2873 eram.
432 2848 466 2858 -
490 2830 619 2886 suscepta·

158 2912 227 2946 rum
253 2910 342 2943 rerum
367 2901 392 2943 et
409 2895 461 2943 iam
486 2895 619 2943 instituta·

154 2978 248 3017 rum:
268 2966 295 3014 di
313 2980 390 3031 opere
411 2964 488 3015 date
512 2964 618 3015 divisate

158 3057 174 3090 e
195 3033 247 3102 gia
263 3035 451 3086 incominciate.

202 3124 248 3172 19.
260 3107 350 3157 Italici
361 3106 437 3156 belli:
449 3106 517 3156 della
529 3121 621 3171 guerra

156 3180 258 3231 Italica
277 3194 292 3227 o
313 3177 431 3237 Sociale;
454 3178 544 3238 civilis,
564 3173 620 3226 ciol

157 3249 257 3318 quella
271 3249 309 3300 fra
327 3248 410 3298 Mario
430 3264 444 3297 e
462 3248 533 3298 Silla

197 3335 249 3372 21.
267 3322 332 3384 quin
351 3328 375 3370 te
392 3321 572 3369 admonerem:
593 3319 621 3368 di

154 3411 217 3444 non
240 3391 375 3442 avvertirti.

197 3476 249 3528 23.
265 3471 356 3512 nostra
370 3469 521 3511 contexere:
540 3462 620 3524 couti-

155 3551 248 3588 nuare
267 3533 354 3599 quella
373 3533 415 3583 dei
433 3532 512 3582 nostri
531 3533 619 3598 tempi.

197 3620 248 3668 24.
279 3604 453 3654 Callisthenes.
481 3602 621 3654 Callisteue

145 3682 192 3730 da
215 3675 310 3726 Olinto
329 3675 357 3724 fu
373 3674 505 3740 discepolo
523 3675 550 3725 di
563 3676 621 3726 Ari·

671 2043 764 2102 stotile,
779 2043 821 2092 dal
834 2043 909 2109 quale
923 2058 1004 2092 venne
1018 2042 1126 2092 educato

671 2115 778 2163 insieme
798 2115 830 2164 ad
852 2114 1014 2164 Alessandro.
1040 2115 1089 2164 Per
1116 2115 1124 2162 i

672 2185 728 2234 suoi
765 2186 875 2235 costumi
906 2185 986 2235 severi
1017 2186 1125 2235 essendo

672 2272 772 2320 sempre
792 2257 946 2322 displaciuto
959 2255 983 2304 al
1000 2256 1124 2321 principe,

671 2343 754 2377 venue
773 2327 903 2392 incolpato
922 2327 947 2376 di
967 2343 1026 2375 aver
1051 2342 1126 2391 preso

672 2406 744 2463 parte
762 2399 795 2448 ad
809 2415 860 2447 una
872 2399 995 2461 congiura
1014 2413 1028 2445 e
1041 2413 1125 2447 masso

672 2465 792 2534 percita
817 2476 898 2518 morte
923 2468 965 2516 dal
983 2481 1030 2516 suo
1058 2482 1127 2516 com·

672 2555 757 2604 pagno
784 2540 810 2589 di
836 2539 988 2602 gioviuezza.
1018 2563 1052 2572 -
1080 2539 1126 2587 Ti·

672 2626 767 2658 marus.
792 2611 893 2668 Timeo,
907 2610 939 2659 da
951 2609 1127 2659 Tauromenio

672 2681 700 2728 in
719 2680 812 2740 Sicilia,
832 2688 892 2730 nato
917 2680 960 2730 nel
982 2688 1034 2744 352
1054 2673 1125 2729 a.'C.

672 2747 747 2799 narrd
765 2752 790 2801 le
810 2751 951 2816 spedizioni
976 2751 1080 2800 militari
1099 2752 1126 2800 di

672 2822 752 2870 Pirro.
771 2823 815 2872 Ma
833 2823 850 2871 l’
861 2838 939 2887 opera
955 2838 1001 2872 sua
1013 2817 1059 2888 piri
1079 2823 1127 2872 im·

673 2899 790 2958 portante
810 2910 853 2944 era
877 2908 928 2943 una
954 2894 1031 2943 storia
1058 2894 1128 2944 della

673 2963 806 3014 Siciliain
826 2965 892 3014 circa
910 2963 944 3014 68
963 2965 1030 3014 libri.

711 3044 752 3099 25.
766 3036 896 3100 Polybius.
907 3035 1016 3096 Pollbio,
1025 3037 1126 3086 celebre

674 3106 767 3156 storico
786 3106 819 3155 da
844 3107 1010 3173 Megalopoli,
1029 3108 1126 3156 vissuto

673 3177 723 3226 due
742 3178 820 3227 secoli
840 3195 862 3227 a.
887 3177 915 3226 C.
941 3179 980 3227 Fu
1004 3179 1087 3227 amico
1113 3194 1128 3226 e

674 3248 826 3313 consigliere
854 3249 880 3297 di
909 3249 1028 3315 Scipione
1055 3249 1128 3298 Emi-

673 3319 751 3379 liauo,
772 3336 786 3370 e
809 3320 898 3370 scrisse
922 3336 974 3369 una
997 3320 1075 3369 storia
1101 3320 1127 3368 in

674 3403 710 3452 4o
736 3389 804 3451 libri,
833 3390 903 3441 nella
930 3391 1006 3456 quale
1033 3397 1128 3439 mostra

675 3477 748 3512 come
767 3463 804 3511 sia
827 3461 950 3512 cresciuta
970 3462 996 3512 la
1020 3467 1128 3526 potenza

675 3549 780 3583 romana
798 3533 841 3582 dal
860 3545 912 3581 220
931 3533 956 3583 al
977 3531 1025 3582 168
1045 3547 1067 3580 a.
1087 3529 1115 3578 C.

712 3603 753 3653 28.
769 3605 807 3652 ad
814 3611 930 3653 nostram
942 3605 1063 3653 laudem:
1077 3601 1129 3650 alla

676 3676 728 3725 mia
746 3675 835 3740 gloria.
