<?xml version="1.0" encoding="UTF-8"?>
<!DOCTYPE html PUBLIC "-//W3C//DTD XHTML 1.0 Transitional//EN"
    "http://www.w3.org/TR/xhtml1/DTD/xhtml1-transitional.dtd">
<html xmlns="http://www.w3.org/1999/xhtml" xml:lang="en" lang="en">
 <head>
  <title>
</title>
<meta http-equiv="Content-Type" content="text/html;charset=utf-8" />
  <meta name='ocr-system' content='tesseract 3.04.00' />
  <meta name='ocr-capabilities' content='ocr_page ocr_carea ocr_par ocr_line ocrx_word'/>
</head>
<body>
  <div class='ocr_page' id='page_1' title='image "./epistulaeselect00carrgoog_0020.png"; bbox 0 0 2786 4280; ppageno 0'>
   <div class='ocr_carea' id='block_1_1' title="bbox 345 329 884 388">
    <p class='ocr_par' dir='ltr' id='par_1_1' title="bbox 345 329 884 388">
     <span class='ocr_line' id='line_1_1' title="bbox 345 329 884 388; baseline -0.002 -16"><span class='ocrx_word' id='word_1_1' title='bbox 345 330 513 388; x_wconf 64' lang='lat' dir='ltr'>Erlsrunnn</span> <span class='ocrx_word' id='word_1_2' title='bbox 536 329 691 372; x_wconf 76' lang='lat' dir='ltr'>SELECTAE</span> <span class='ocrx_word' id='word_1_3' title='bbox 714 342 754 355; x_wconf 86' lang='grc'>-·</span> <span class='ocrx_word' id='word_1_4' title='bbox 781 330 828 376; x_wconf 81' lang='grc' dir='ltr'>ΕΡ.</span> <span class='ocrx_word' id='word_1_5' title='bbox 852 330 884 372; x_wconf 80' lang='lat'>1¹.</span> 
     </span>
    </p>
   </div>
   <div class='ocr_carea' id='block_1_2' title="bbox 123 455 1240 538">
    <p class='ocr_par' dir='ltr' id='par_1_2' title="bbox 123 455 1240 538">
     <span class='ocr_line' id='line_1_2' title="bbox 123 455 1240 538; baseline 0 -17"><span class='ocrx_word' id='word_1_6' title='bbox 123 473 191 535; x_wconf 77' lang='lat' dir='ltr'>tra,</span> <span class='ocrx_word' id='word_1_7' title='bbox 215 459 254 520; x_wconf 89' lang='lat' dir='ltr'>ad</span> <span class='ocrx_word' id='word_1_8' title='bbox 277 469 443 519; x_wconf 86' lang='lat' dir='ltr'>extremum</span> <span class='ocrx_word' id='word_1_9' title='bbox 465 466 566 517; x_wconf 90' lang='lat' dir='ltr'>autem</span> <span class='ocrx_word' id='word_1_10' title='bbox 593 474 699 516; x_wconf 86' lang='lat' dir='ltr'>manus</span> <span class='ocrx_word' id='word_1_11' title='bbox 722 455 839 515; x_wconf 87' lang='lat' dir='ltr'>dedisse</span> <span class='ocrx_word' id='word_1_12' title='bbox 870 467 901 516; x_wconf 91' lang='lat' dir='ltr'>et</span> <span class='ocrx_word' id='word_1_13' title='bbox 922 457 1092 538; x_wconf 83' lang='lat' dir='ltr'>adfirmasse</span> <span class='ocrx_word' id='word_1_14' title='bbox 1119 483 1161 520; x_wconf 88' lang='lat'>20</span> <span class='ocrx_word' id='word_1_15' title='bbox 1226 457 1240 476; x_wconf 73' lang='grc'><em>”</em></span> 
     </span>
    </p>
   </div>
   <div class='ocr_carea' id='block_1_3' title="bbox 1054 333 1091 391">
    <p class='ocr_par' dir='ltr' id='par_1_3' title="bbox 1054 333 1091 391">
     <span class='ocr_line' id='line_1_3' title="bbox 1054 333 1091 391; baseline 0 0"><span class='ocrx_word' id='word_1_16' title='bbox 1054 333 1091 391; x_wconf 83' lang='lat'>¹3</span> 
     </span>
    </p>
   </div>
   <div class='ocr_carea' id='block_1_4' title="bbox 132 544 1158 982">
    <p class='ocr_par' dir='ltr' id='par_1_4' title="bbox 132 544 1094 890">
     <span class='ocr_line' id='line_1_4' title="bbox 132 544 1094 610; baseline -0.001 0"><span class='ocrx_word' id='word_1_17' title='bbox 132 547 213 610; x_wconf 88' lang='lat' dir='ltr'>nihil</span> <span class='ocrx_word' id='word_1_18' title='bbox 236 568 267 608; x_wconf 93' lang='lat' dir='ltr'>se</span> <span class='ocrx_word' id='word_1_19' title='bbox 296 556 400 608; x_wconf 88' lang='lat' dir='ltr'>contra</span> <span class='ocrx_word' id='word_1_20' title='bbox 430 544 492 606; x_wconf 91' lang='lat' dir='ltr'>eius</span> <span class='ocrx_word' id='word_1_21' title='bbox 521 547 705 606; x_wconf 89' lang='lat' dir='ltr'>voluntatem</span> <span class='ocrx_word' id='word_1_22' title='bbox 736 563 800 604; x_wconf 88' lang='lat' dir='ltr'>esse</span> <span class='ocrx_word' id='word_1_23' title='bbox 831 546 986 608; x_wconf 85' lang='lat' dir='ltr'>facturum.</span> <span class='ocrx_word' id='word_1_24' title='bbox 1034 550 1094 610; x_wconf 89' lang='lat' dir='ltr'>Sed</span> 
     </span>
     <span class='ocr_line' id='line_1_5' title="bbox 134 632 1093 718; baseline 0 -20"><span class='ocrx_word' id='word_1_25' title='bbox 134 649 241 718; x_wconf 87' lang='lat' dir='ltr'>postea</span> <span class='ocrx_word' id='word_1_26' title='bbox 263 645 365 696; x_wconf 91' lang='lat' dir='ltr'>tamen</span> <span class='ocrx_word' id='word_1_27' title='bbox 387 634 437 694; x_wconf 92' lang='lat' dir='ltr'>ille</span> <span class='ocrx_word' id='word_1_28' title='bbox 453 654 515 694; x_wconf 91' lang='lat' dir='ltr'>non</span> <span class='ocrx_word' id='word_1_29' title='bbox 538 633 650 694; x_wconf 85' lang='lat' dir='ltr'>destitit</span> <span class='ocrx_word' id='word_1_30' title='bbox 666 634 705 696; x_wconf 88' lang='lat' dir='ltr'>de</span> <span class='ocrx_word' id='word_1_31' title='bbox 721 632 809 693; x_wconf 87' lang='lat' dir='ltr'>nobis</span> <span class='ocrx_word' id='word_1_32' title='bbox 824 635 983 710; x_wconf 86' lang='lat' dir='ltr'>asperrime</span> <span class='ocrx_word' id='word_1_33' title='bbox 998 637 1093 714; x_wconf 91' lang='lat' dir='ltr'>loqui.</span> 
     </span>
     <span class='ocr_line' id='line_1_6' title="bbox 133 720 1094 803; baseline 0.001 -17"><span class='ocrx_word' id='word_1_34' title='bbox 133 726 229 803; x_wconf 89' lang='lat' dir='ltr'>Quod</span> <span class='ocrx_word' id='word_1_35' title='bbox 252 724 277 785; x_wconf 92' lang='lat' dir='ltr'>si</span> <span class='ocrx_word' id='word_1_36' title='bbox 299 743 362 784; x_wconf 92' lang='lat' dir='ltr'>non</span> <span class='ocrx_word' id='word_1_37' title='bbox 384 725 502 796; x_wconf 84' lang='lat' dir='ltr'>faceret,</span> <span class='ocrx_word' id='word_1_38' title='bbox 527 733 628 783; x_wconf 88' lang='lat' dir='ltr'>tamen</span> <span class='ocrx_word' id='word_1_39' title='bbox 651 721 679 782; x_wconf 93' lang='lat' dir='ltr'>ei</span> <span class='ocrx_word' id='word_1_40' title='bbox 701 720 775 781; x_wconf 92' lang='lat' dir='ltr'>nihil</span> <span class='ocrx_word' id='word_1_41' title='bbox 798 723 985 783; x_wconf 87' lang='lat' dir='ltr'>crederemus</span> <span class='ocrx_word' id='word_1_42' title='bbox 1005 736 1094 803; x_wconf 87' lang='lat' dir='ltr'>atque</span> 
     </span>
     <span class='ocr_line' id='line_1_7' title="bbox 134 811 710 890; baseline -0.009 -15"><span class='ocrx_word' id='word_1_43' title='bbox 134 814 247 886; x_wconf 87' lang='lat' dir='ltr'>omnia,</span> <span class='ocrx_word' id='word_1_44' title='bbox 273 811 349 874; x_wconf 91' lang='lat' dir='ltr'>sicut</span> <span class='ocrx_word' id='word_1_45' title='bbox 370 811 504 885; x_wconf 87' lang='lat' dir='ltr'>facimus,</span> <span class='ocrx_word' id='word_1_46' title='bbox 528 830 710 890; x_wconf 84' lang='lat' dir='ltr'>pararemus.</span> 
     </span>
    </p>

    <p class='ocr_par' dir='ltr' id='par_1_5' title="bbox 183 898 1158 982">
     <span class='ocr_line' id='line_1_8' title="bbox 183 898 1158 982; baseline 0 -18"><span class='ocrx_word' id='word_1_47' title='bbox 183 906 273 964; x_wconf 90' lang='lat' dir='ltr'>Nunc</span> <span class='ocrx_word' id='word_1_48' title='bbox 295 901 337 961; x_wconf 91' lang='lat' dir='ltr'>ita</span> <span class='ocrx_word' id='word_1_49' title='bbox 358 921 414 961; x_wconf 91' lang='lat' dir='ltr'>nos</span> <span class='ocrx_word' id='word_1_50' title='bbox 436 900 573 978; x_wconf 87' lang='lat' dir='ltr'>gerimus,</span> <span class='ocrx_word' id='word_1_51' title='bbox 598 899 678 960; x_wconf 88' lang='lat' dir='ltr'>utin</span> <span class='ocrx_word' id='word_1_52' title='bbox 703 898 766 959; x_wconf 90' lang='lat' dir='ltr'>dies</span> <span class='ocrx_word' id='word_1_53' title='bbox 789 898 921 977; x_wconf 90' lang='lat' dir='ltr'>singulos</span> <span class='ocrx_word' id='word_1_54' title='bbox 944 911 974 960; x_wconf 93' lang='lat' dir='ltr'>et</span> <span class='ocrx_word' id='word_1_55' title='bbox 996 904 1094 964; x_wconf 83' lang='lat' dir='ltr'>studia</span> <span class='ocrx_word' id='word_1_56' title='bbox 1120 926 1135 964; x_wconf 88' lang='lat'><strong><em>2</em></strong></span> <span class='ocrx_word' id='word_1_57' title='bbox 1142 921 1158 982; x_wconf 81' lang='lat'>5</span> 
     </span>
    </p>
   </div>
   <div class='ocr_carea' id='block_1_5' title="bbox 129 989 1178 2310">
    <p class='ocr_par' dir='ltr' id='par_1_6' title="bbox 129 989 1178 2310">
     <span class='ocr_line' id='line_1_9' title="bbox 131 989 1096 1069; baseline -0.001 -16"><span class='ocrx_word' id='word_1_58' title='bbox 131 993 167 1053; x_wconf 85' lang='lat' dir='ltr'>in</span> <span class='ocrx_word' id='word_1_59' title='bbox 195 989 252 1052; x_wconf 82' lang='lat' dir='ltr'>n0s</span> <span class='ocrx_word' id='word_1_60' title='bbox 273 989 429 1051; x_wconf 89' lang='lat' dir='ltr'>hominum</span> <span class='ocrx_word' id='word_1_61' title='bbox 454 999 484 1048; x_wconf 93' lang='lat' dir='ltr'>et</span> <span class='ocrx_word' id='word_1_62' title='bbox 510 1008 584 1068; x_wconf 91' lang='lat' dir='ltr'>opes</span> <span class='ocrx_word' id='word_1_63' title='bbox 603 999 720 1048; x_wconf 89' lang='lat' dir='ltr'>nostrae</span> <span class='ocrx_word' id='word_1_64' title='bbox 743 999 926 1066; x_wconf 86' lang='lat' dir='ltr'>augeantur;</span> <span class='ocrx_word' id='word_1_65' title='bbox 965 1009 1029 1050; x_wconf 89' lang='lat' dir='ltr'>rem</span> <span class='ocrx_word' id='word_1_66' title='bbox 1044 1012 1096 1069; x_wconf 91' lang='lat' dir='ltr'>pu·</span> 
     </span>
     <span class='ocr_line' id='line_1_10' title="bbox 131 1076 1096 1156; baseline -0.001 -14"><span class='ocrx_word' id='word_1_67' title='bbox 131 1080 249 1142; x_wconf 87' lang='lat' dir='ltr'>blicam</span> <span class='ocrx_word' id='word_1_68' title='bbox 271 1081 353 1140; x_wconf 87' lang='lat' dir='ltr'>nulla</span> <span class='ocrx_word' id='word_1_69' title='bbox 369 1096 407 1138; x_wconf 86' lang='lat' dir='ltr'>ex</span> <span class='ocrx_word' id='word_1_70' title='bbox 421 1088 504 1156; x_wconf 86' lang='lat' dir='ltr'>parte</span> <span class='ocrx_word' id='word_1_71' title='bbox 526 1076 706 1156; x_wconf 87' lang='lat' dir='ltr'>attingimus,</span> <span class='ocrx_word' id='word_1_72' title='bbox 724 1076 756 1137; x_wconf 89' lang='lat' dir='ltr'>in</span> <span class='ocrx_word' id='word_1_73' title='bbox 779 1077 873 1138; x_wconf 85' lang='lat' dir='ltr'>causis</span> <span class='ocrx_word' id='word_1_74' title='bbox 888 1088 977 1155; x_wconf 90' lang='lat' dir='ltr'>atque</span> <span class='ocrx_word' id='word_1_75' title='bbox 997 1079 1030 1139; x_wconf 92' lang='lat' dir='ltr'>in</span> <span class='ocrx_word' id='word_1_76' title='bbox 1045 1080 1096 1141; x_wconf 79' lang='lat' dir='ltr'>illa</span> 
     </span>
     <span class='ocr_line' id='line_1_11' title="bbox 129 1163 1178 1248; baseline 0.001 -19"><span class='ocrx_word' id='word_1_77' title='bbox 129 1189 230 1248; x_wconf 87' lang='lat' dir='ltr'>opera</span> <span class='ocrx_word' id='word_1_78' title='bbox 251 1177 351 1229; x_wconf 85' lang='lat' dir='ltr'>nostra</span> <span class='ocrx_word' id='word_1_79' title='bbox 373 1166 483 1228; x_wconf 84' lang='lat' dir='ltr'>forensi</span> <span class='ocrx_word' id='word_1_80' title='bbox 498 1186 614 1226; x_wconf 87' lang='lat' dir='ltr'>summa</span> <span class='ocrx_word' id='word_1_81' title='bbox 635 1165 781 1226; x_wconf 87' lang='lat' dir='ltr'>industria</span> <span class='ocrx_word' id='word_1_82' title='bbox 802 1185 974 1244; x_wconf 87' lang='lat' dir='ltr'>versamnr;</span> <span class='ocrx_word' id='word_1_83' title='bbox 1014 1171 1096 1244; x_wconf 90' lang='lat' dir='ltr'>quod</span> <span class='ocrx_word' id='word_1_84' title='bbox 1174 1163 1178 1174; x_wconf 73' lang='grc'><em>’</em></span> 
     </span>
     <span class='ocr_line' id='line_1_12' title="bbox 133 1254 1094 1337; baseline -0.002 -18"><span class='ocrx_word' id='word_1_85' title='bbox 133 1257 256 1337; x_wconf 84' lang='lat' dir='ltr'>egregie</span> <span class='ocrx_word' id='word_1_86' title='bbox 279 1276 342 1317; x_wconf 91' lang='lat' dir='ltr'>non</span> <span class='ocrx_word' id='word_1_87' title='bbox 372 1257 466 1316; x_wconf 91' lang='lat' dir='ltr'>modo</span> <span class='ocrx_word' id='word_1_88' title='bbox 496 1254 539 1328; x_wconf 93' lang='lat' dir='ltr'>iis,</span> <span class='ocrx_word' id='word_1_89' title='bbox 572 1254 624 1332; x_wconf 89' lang='lat' dir='ltr'>qui</span> <span class='ocrx_word' id='word_1_90' title='bbox 653 1264 776 1314; x_wconf 89' lang='lat' dir='ltr'>utuntur</span> <span class='ocrx_word' id='word_1_91' title='bbox 798 1275 897 1332; x_wconf 90' lang='lat' dir='ltr'>opera,</span> <span class='ocrx_word' id='word_1_92' title='bbox 930 1258 982 1316; x_wconf 92' lang='lat' dir='ltr'>sed</span> <span class='ocrx_word' id='word_1_93' title='bbox 1006 1257 1094 1318; x_wconf 90' lang='lat' dir='ltr'>etiam</span> 
     </span>
     <span class='ocr_line' id='line_1_13' title="bbox 134 1342 1162 1424; baseline -0.001 -17"><span class='ocrx_word' id='word_1_94' title='bbox 134 1347 168 1408; x_wconf 87' lang='lat' dir='ltr'>in</span> <span class='ocrx_word' id='word_1_95' title='bbox 202 1349 309 1424; x_wconf 89' lang='lat' dir='ltr'>vulgus</span> <span class='ocrx_word' id='word_1_96' title='bbox 339 1355 455 1422; x_wconf 87' lang='lat' dir='ltr'>gratum</span> <span class='ocrx_word' id='word_1_97' title='bbox 489 1364 552 1404; x_wconf 93' lang='lat' dir='ltr'>esse</span> <span class='ocrx_word' id='word_1_98' title='bbox 582 1342 734 1404; x_wconf 84' lang='lat' dir='ltr'>sentimus</span> <span class='ocrx_word' id='word_1_99' title='bbox 780 1346 895 1404; x_wconf 89' lang='lat' dir='ltr'>Domus</span> <span class='ocrx_word' id='word_1_100' title='bbox 917 1347 1092 1420; x_wconf 86' lang='lat' dir='ltr'>celebratur,</span> <span class='ocrx_word' id='word_1_101' title='bbox 1119 1367 1162 1424; x_wconf 83' lang='lat'>30</span> 
     </span>
     <span class='ocr_line' id='line_1_14' title="bbox 135 1432 1097 1512; baseline -0.003 -15"><span class='ocrx_word' id='word_1_102' title='bbox 135 1435 315 1509; x_wconf 88' lang='lat' dir='ltr'>occurritur,</span> <span class='ocrx_word' id='word_1_103' title='bbox 331 1443 491 1494; x_wconf 79' lang='lat' dir='ltr'>renovatrn</span> <span class='ocrx_word' id='word_1_104' title='bbox 505 1432 649 1493; x_wconf 89' lang='lat' dir='ltr'>memoria</span> <span class='ocrx_word' id='word_1_105' title='bbox 667 1433 845 1506; x_wconf 87' lang='lat' dir='ltr'>consulatus,</span> <span class='ocrx_word' id='word_1_106' title='bbox 871 1434 967 1494; x_wconf 88' lang='lat' dir='ltr'>studia</span> <span class='ocrx_word' id='word_1_107' title='bbox 990 1434 1097 1512; x_wconf 90' lang='lat' dir='ltr'>signifi-</span> 
     </span>
     <span class='ocr_line' id='line_1_15' title="bbox 135 1520 1097 1600; baseline -0.003 -14"><span class='ocrx_word' id='word_1_108' title='bbox 135 1534 265 1599; x_wconf 73' lang='lat' dir='ltr'>cantur,</span> <span class='ocrx_word' id='word_1_109' title='bbox 305 1522 337 1582; x_wconf 91' lang='lat' dir='ltr'>in</span> <span class='ocrx_word' id='word_1_110' title='bbox 360 1541 426 1581; x_wconf 89' lang='lat' dir='ltr'>earn</span> <span class='ocrx_word' id='word_1_111' title='bbox 448 1542 533 1600; x_wconf 89' lang='lat' dir='ltr'>spem</span> <span class='ocrx_word' id='word_1_112' title='bbox 554 1520 740 1596; x_wconf 84' lang='lat' dir='ltr'>adducimur,</span> <span class='ocrx_word' id='word_1_113' title='bbox 763 1531 797 1580; x_wconf 90' lang='lat' dir='ltr'>ut</span> <span class='ocrx_word' id='word_1_114' title='bbox 819 1522 907 1582; x_wconf 93' lang='lat' dir='ltr'>nobis</span> <span class='ocrx_word' id='word_1_115' title='bbox 922 1542 958 1582; x_wconf 87' lang='lat' dir='ltr'>ea</span> <span class='ocrx_word' id='word_1_116' title='bbox 976 1533 1097 1585; x_wconf 90' lang='lat' dir='ltr'>conten·</span> 
     </span>
     <span class='ocr_line' id='line_1_16' title="bbox 131 1609 1067 1689; baseline 0.002 -15"><span class='ocrx_word' id='word_1_117' title='bbox 131 1614 193 1686; x_wconf 79' lang='lat' dir='ltr'>tio,</span> <span class='ocrx_word' id='word_1_118' title='bbox 214 1632 293 1689; x_wconf 90' lang='lat' dir='ltr'>quae</span> <span class='ocrx_word' id='word_1_119' title='bbox 316 1610 477 1689; x_wconf 87' lang='lat' dir='ltr'>impendet,</span> <span class='ocrx_word' id='word_1_120' title='bbox 502 1609 652 1670; x_wconf 89' lang='lat' dir='ltr'>interdurn</span> <span class='ocrx_word' id='word_1_121' title='bbox 674 1629 735 1670; x_wconf 94' lang='lat' dir='ltr'>non</span> <span class='ocrx_word' id='word_1_122' title='bbox 760 1609 901 1688; x_wconf 83' lang='lat' dir='ltr'>fugienda</span> <span class='ocrx_word' id='word_1_123' title='bbox 922 1612 1067 1676; x_wconf 84' lang='lat' dir='ltr'>videatur.</span> 
     </span>
     <span class='ocr_line' id='line_1_17' title="bbox 183 1697 1098 1776; baseline 0 -15"><span class='ocrx_word' id='word_1_124' title='bbox 183 1703 275 1761; x_wconf 89' lang='lat' dir='ltr'>Nunc</span> <span class='ocrx_word' id='word_1_125' title='bbox 297 1699 371 1759; x_wconf 90' lang='lat' dir='ltr'>mihi</span> <span class='ocrx_word' id='word_1_126' title='bbox 401 1709 432 1759; x_wconf 92' lang='lat' dir='ltr'>et</span> <span class='ocrx_word' id='word_1_127' title='bbox 461 1697 591 1760; x_wconf 91' lang='lat' dir='ltr'>consiliis</span> <span class='ocrx_word' id='word_1_128' title='bbox 622 1717 698 1776; x_wconf 87' lang='lat' dir='ltr'>opus</span> <span class='ocrx_word' id='word_1_129' title='bbox 721 1708 765 1758; x_wconf 91' lang='lat' dir='ltr'>est</span> <span class='ocrx_word' id='word_1_130' title='bbox 791 1698 848 1758; x_wconf 92' lang='lat' dir='ltr'>tuis</span> <span class='ocrx_word' id='word_1_131' title='bbox 879 1711 909 1760; x_wconf 82' lang='lat' dir='ltr'>et</span> <span class='ocrx_word' id='word_1_132' title='bbox 936 1721 1037 1762; x_wconf 91' lang='lat' dir='ltr'>amore</span> <span class='ocrx_word' id='word_1_133' title='bbox 1068 1713 1098 1761; x_wconf 90' lang='lat' dir='ltr'>et</span> 
     </span>
     <span class='ocr_line' id='line_1_18' title="bbox 130 1786 1161 1866; baseline 0 -17"><span class='ocrx_word' id='word_1_134' title='bbox 130 1791 209 1850; x_wconf 77' lang='lat' dir='ltr'>fide.</span> <span class='ocrx_word' id='word_1_135' title='bbox 255 1791 355 1865; x_wconf 87' lang='lat' dir='ltr'>Quare</span> <span class='ocrx_word' id='word_1_136' title='bbox 380 1789 497 1848; x_wconf 85' lang='lat' dir='ltr'>advola.</span> <span class='ocrx_word' id='word_1_137' title='bbox 542 1787 689 1865; x_wconf 87' lang='lat' dir='ltr'>Expedita</span> <span class='ocrx_word' id='word_1_138' title='bbox 717 1786 791 1847; x_wconf 90' lang='lat' dir='ltr'>mihi</span> <span class='ocrx_word' id='word_1_139' title='bbox 824 1799 911 1849; x_wconf 85' lang='lat' dir='ltr'>erunt</span> <span class='ocrx_word' id='word_1_140' title='bbox 940 1791 1047 1865; x_wconf 89' lang='lat' dir='ltr'>omnia,</span> <span class='ocrx_word' id='word_1_141' title='bbox 1073 1790 1098 1851; x_wconf 92' lang='lat' dir='ltr'>si</span> <span class='ocrx_word' id='word_1_142' title='bbox 1121 1810 1138 1866; x_wconf 85' lang='lat'>3</span> <span class='ocrx_word' id='word_1_143' title='bbox 1145 1805 1161 1866; x_wconf 81' lang='lat'><strong>5</strong></span> 
     </span>
     <span class='ocr_line' id='line_1_19' title="bbox 129 1878 1096 1956; baseline 0.001 -17"><span class='ocrx_word' id='word_1_144' title='bbox 129 1891 168 1940; x_wconf 74' lang='lat' dir='ltr'>te</span> <span class='ocrx_word' id='word_1_145' title='bbox 194 1879 324 1938; x_wconf 79' lang='lat' dir='ltr'>habebo</span> <span class='ocrx_word' id='word_1_146' title='bbox 368 1878 465 1937; x_wconf 93' lang='lat' dir='ltr'>Multa</span> <span class='ocrx_word' id='word_1_147' title='bbox 486 1896 540 1954; x_wconf 91' lang='lat' dir='ltr'>per</span> <span class='ocrx_word' id='word_1_148' title='bbox 562 1880 729 1942; x_wconf 86' lang='lat' dir='ltr'>Varronem</span> <span class='ocrx_word' id='word_1_149' title='bbox 751 1885 884 1936; x_wconf 82' lang='lat' dir='ltr'>nostrum</span> <span class='ocrx_word' id='word_1_150' title='bbox 900 1878 947 1955; x_wconf 88' lang='lat' dir='ltr'>agi</span> <span class='ocrx_word' id='word_1_151' title='bbox 963 1890 1096 1956; x_wconf 91' lang='lat' dir='ltr'>possunt,</span> 
     </span>
     <span class='ocr_line' id='line_1_20' title="bbox 132 1964 1097 2045; baseline 0.001 -18"><span class='ocrx_word' id='word_1_152' title='bbox 132 1986 215 2045; x_wconf 87' lang='lat' dir='ltr'>quae</span> <span class='ocrx_word' id='word_1_153' title='bbox 239 1977 268 2026; x_wconf 92' lang='lat' dir='ltr'>te</span> <span class='ocrx_word' id='word_1_154' title='bbox 291 1977 415 2043; x_wconf 92' lang='lat' dir='ltr'>urgente</span> <span class='ocrx_word' id='word_1_155' title='bbox 437 1975 524 2025; x_wconf 90' lang='lat' dir='ltr'>erunt</span> <span class='ocrx_word' id='word_1_156' title='bbox 549 1964 686 2036; x_wconf 89' lang='lat' dir='ltr'>firmiora,</span> <span class='ocrx_word' id='word_1_157' title='bbox 720 1966 813 2024; x_wconf 89' lang='lat' dir='ltr'>multa</span> <span class='ocrx_word' id='word_1_158' title='bbox 836 1966 875 2024; x_wconf 84' lang='lat' dir='ltr'>ab</span> <span class='ocrx_word' id='word_1_159' title='bbox 899 1966 965 2044; x_wconf 93' lang='lat' dir='ltr'>ipso</span> <span class='ocrx_word' id='word_1_160' title='bbox 988 1967 1097 2028; x_wconf 87' lang='lat' dir='ltr'>Publio</span> 
     </span>
     <span class='ocr_line' id='line_1_21' title="bbox 131 2052 1097 2138; baseline 0 -21"><span class='ocrx_word' id='word_1_161' title='bbox 131 2055 217 2130; x_wconf 88' lang='lat' dir='ltr'>elici,</span> <span class='ocrx_word' id='word_1_162' title='bbox 241 2057 335 2115; x_wconf 84' lang='lat' dir='ltr'>multa</span> <span class='ocrx_word' id='word_1_163' title='bbox 357 2054 505 2131; x_wconf 88' lang='lat' dir='ltr'>cognosci,</span> <span class='ocrx_word' id='word_1_164' title='bbox 531 2073 607 2130; x_wconf 89' lang='lat' dir='ltr'>quae</span> <span class='ocrx_word' id='word_1_165' title='bbox 629 2052 684 2113; x_wconf 89' lang='lat' dir='ltr'>tibi</span> <span class='ocrx_word' id='word_1_166' title='bbox 707 2055 824 2114; x_wconf 87' lang='lat' dir='ltr'>occulta</span> <span class='ocrx_word' id='word_1_167' title='bbox 854 2073 918 2115; x_wconf 90' lang='lat' dir='ltr'>esse</span> <span class='ocrx_word' id='word_1_168' title='bbox 940 2075 1002 2116; x_wconf 91' lang='lat' dir='ltr'>non</span> <span class='ocrx_word' id='word_1_169' title='bbox 1031 2067 1097 2138; x_wconf 91' lang='lat' dir='ltr'>pot·</span> 
     </span>
     <span class='ocr_line' id='line_1_22' title="bbox 132 2142 1099 2223; baseline -0.001 -17"><span class='ocrx_word' id='word_1_170' title='bbox 132 2155 236 2219; x_wconf 90' lang='lat' dir='ltr'>erunt,</span> <span class='ocrx_word' id='word_1_171' title='bbox 260 2145 355 2204; x_wconf 85' lang='lat' dir='ltr'>multa</span> <span class='ocrx_word' id='word_1_172' title='bbox 369 2143 457 2203; x_wconf 88' lang='lat' dir='ltr'>etiam</span> <span class='ocrx_word' id='word_1_173' title='bbox 474 2176 517 2185; x_wconf 94' lang='lat'>-</span> <span class='ocrx_word' id='word_1_174' title='bbox 540 2144 593 2203; x_wconf 92' lang='lat' dir='ltr'>sed</span> <span class='ocrx_word' id='word_1_175' title='bbox 616 2143 778 2202; x_wconf 91' lang='lat' dir='ltr'>absurdum</span> <span class='ocrx_word' id='word_1_176' title='bbox 802 2152 847 2202; x_wconf 89' lang='lat' dir='ltr'>est</span> <span class='ocrx_word' id='word_1_177' title='bbox 870 2142 985 2222; x_wconf 88' lang='lat' dir='ltr'>singula</span> <span class='ocrx_word' id='word_1_178' title='bbox 1007 2145 1099 2223; x_wconf 88' lang='lat' dir='ltr'>expli·</span> 
     </span>
     <span class='ocr_line' id='line_1_23' title="bbox 132 2230 1164 2310; baseline -0.004 -15"><span class='ocrx_word' id='word_1_179' title='bbox 132 2253 217 2307; x_wconf 84' lang='lat' dir='ltr'>care,</span> <span class='ocrx_word' id='word_1_180' title='bbox 247 2252 316 2294; x_wconf 88' lang='lat' dir='ltr'>cum</span> <span class='ocrx_word' id='word_1_181' title='bbox 340 2251 396 2310; x_wconf 93' lang='lat' dir='ltr'>ego</span> <span class='ocrx_word' id='word_1_182' title='bbox 425 2230 573 2307; x_wconf 86' lang='lat' dir='ltr'>requiram</span> <span class='ocrx_word' id='word_1_183' title='bbox 603 2241 634 2290; x_wconf 89' lang='lat' dir='ltr'>te</span> <span class='ocrx_word' id='word_1_184' title='bbox 665 2231 704 2290; x_wconf 84' lang='lat' dir='ltr'>ad</span> <span class='ocrx_word' id='word_1_185' title='bbox 734 2230 843 2291; x_wconf 87' lang='lat' dir='ltr'>omnia.</span> <span class='ocrx_word' id='word_1_186' title='bbox 889 2236 991 2294; x_wconf 89' lang='lat' dir='ltr'>Unum</span> <span class='ocrx_word' id='word_1_187' title='bbox 1021 2234 1096 2295; x_wconf 89' lang='lat' dir='ltr'>illud</span> <span class='ocrx_word' id='word_1_188' title='bbox 1120 2252 1164 2306; x_wconf 85' lang='lat'>40</span> 
     </span>
    </p>
   </div>
   <div class='ocr_carea' id='block_1_6' title="bbox 130 2459 616 3732">
    <p class='ocr_par' dir='ltr' id='par_1_7' title="bbox 130 2459 616 2666">
     <span class='ocr_line' id='line_1_24' title="bbox 130 2459 592 2525; baseline -0.006 -14"><span class='ocrx_word' id='word_1_189' title='bbox 130 2471 196 2512; x_wconf 78' lang='lat' dir='ltr'>tace</span> <span class='ocrx_word' id='word_1_190' title='bbox 216 2460 256 2511; x_wconf 88' lang='lat' dir='ltr'>coi</span> <span class='ocrx_word' id='word_1_191' title='bbox 271 2459 390 2525; x_wconf 89' lang='lat' dir='ltr'>pronomi</span> <span class='ocrx_word' id='word_1_192' title='bbox 403 2475 417 2509; x_wconf 88' lang='lat' dir='ltr'>e</span> <span class='ocrx_word' id='word_1_193' title='bbox 431 2459 553 2524; x_wconf 85' lang='lat' dir='ltr'>aggettivi</span> <span class='ocrx_word' id='word_1_194' title='bbox 566 2460 592 2508; x_wconf 85' lang='lat' dir='ltr'>di</span> 
     </span>
     <span class='ocr_line' id='line_1_25' title="bbox 134 2529 591 2600; baseline -0.004 -18"><span class='ocrx_word' id='word_1_195' title='bbox 134 2529 264 2600; x_wconf 62' lang='lat' dir='ltr'>quantita</span> <span class='ocrx_word' id='word_1_196' title='bbox 283 2529 336 2582; x_wconf 82' lang='lat' dir='ltr'>cfr.</span> <span class='ocrx_word' id='word_1_197' title='bbox 350 2530 375 2580; x_wconf 91' lang='lat' dir='ltr'>S.</span> <span class='ocrx_word' id='word_1_198' title='bbox 388 2530 419 2579; x_wconf 91' lang='lat' dir='ltr'>L.</span> <span class='ocrx_word' id='word_1_199' title='bbox 432 2530 464 2584; x_wconf 89' lang='lat' dir='ltr'>G.</span> <span class='ocrx_word' id='word_1_200' title='bbox 481 2531 514 2594; x_wconf 89' lang='grc' dir='ltr'>ΙΙ,</span> <span class='ocrx_word' id='word_1_201' title='bbox 532 2543 591 2594; x_wconf 85' lang='lat'>213,</span> 
     </span>
     <span class='ocr_line' id='line_1_26' title="bbox 140 2601 616 2666; baseline -0.013 -12"><span class='ocrx_word' id='word_1_202' title='bbox 140 2618 183 2666; x_wconf 76' lang='lat'>³9.</span> <span class='ocrx_word' id='word_1_203' title='bbox 204 2601 360 2653; x_wconf 79' lang='lat' dir='ltr'>Sortintendi</span> <span class='ocrx_word' id='word_1_204' title='bbox 380 2602 483 2652; x_wconf 63' lang='lat' dir='ltr'>dalrissc.</span> <span class='ocrx_word' id='word_1_205' title='bbox 614 2659 616 2664; x_wconf 28' lang='grc' dir='ltr'>Ι</span> 
     </span>
    </p>

    <p class='ocr_par' dir='ltr' id='par_1_8' title="bbox 134 2671 595 3007">
     <span class='ocr_line' id='line_1_27' title="bbox 176 2671 595 2737; baseline -0.005 -14"><span class='ocrx_word' id='word_1_206' title='bbox 176 2685 220 2736; x_wconf 89' lang='lat'>23.</span> <span class='ocrx_word' id='word_1_207' title='bbox 242 2673 319 2734; x_wconf 86' lang='lat' dir='ltr'>Quod</span> <span class='ocrx_word' id='word_1_208' title='bbox 333 2674 357 2722; x_wconf 84' lang='lat' dir='ltr'>si</span> <span class='ocrx_word' id='word_1_209' title='bbox 367 2671 478 2737; x_wconf 88' lang='lat' dir='ltr'>esprime</span> <span class='ocrx_word' id='word_1_210' title='bbox 496 2672 521 2722; x_wconf 86' lang='lat' dir='ltr'>la</span> <span class='ocrx_word' id='word_1_211' title='bbox 534 2688 595 2722; x_wconf 91' lang='lat' dir='ltr'>con·</span> 
     </span>
     <span class='ocr_line' id='line_1_28' title="bbox 135 2743 594 2808; baseline -0.002 -13"><span class='ocrx_word' id='word_1_212' title='bbox 135 2745 259 2795; x_wconf 88' lang='lat' dir='ltr'>nessione</span> <span class='ocrx_word' id='word_1_213' title='bbox 271 2743 314 2794; x_wconf 89' lang='lat' dir='ltr'>del</span> <span class='ocrx_word' id='word_1_214' title='bbox 326 2749 443 2793; x_wconf 75' lang='lat' dir='ltr'>concerto</span> <span class='ocrx_word' id='word_1_215' title='bbox 456 2743 503 2793; x_wconf 87' lang='lat' dir='ltr'>che</span> <span class='ocrx_word' id='word_1_216' title='bbox 516 2760 594 2808; x_wconf 90' lang='lat' dir='ltr'>segue</span> 
     </span>
     <span class='ocr_line' id='line_1_29' title="bbox 134 2813 594 2880; baseline -0.002 -15"><span class='ocrx_word' id='word_1_217' title='bbox 134 2831 188 2865; x_wconf 90' lang='lat' dir='ltr'>con</span> <span class='ocrx_word' id='word_1_218' title='bbox 214 2814 302 2880; x_wconf 88' lang='lat' dir='ltr'>quello</span> <span class='ocrx_word' id='word_1_219' title='bbox 329 2814 375 2864; x_wconf 90' lang='lat' dir='ltr'>che</span> <span class='ocrx_word' id='word_1_220' title='bbox 400 2813 515 2879; x_wconf 85' lang='lat' dir='ltr'>precede.</span> <span class='ocrx_word' id='word_1_221' title='bbox 541 2815 594 2864; x_wconf 82' lang='lat' dir='ltr'>Cfr.</span> 
     </span>
     <span class='ocr_line' id='line_1_30' title="bbox 135 2885 595 2948; baseline -0.002 -12"><span class='ocrx_word' id='word_1_222' title='bbox 135 2888 164 2936; x_wconf 85' lang='lat' dir='ltr'>S.</span> <span class='ocrx_word' id='word_1_223' title='bbox 185 2899 247 2946; x_wconf 83' lang='lat'>224,</span> <span class='ocrx_word' id='word_1_224' title='bbox 267 2897 306 2945; x_wconf 89' lang='lat'>12,</span> <span class='ocrx_word' id='word_1_225' title='bbox 321 2901 347 2935; x_wconf 89' lang='lat' dir='ltr'>n.</span> <span class='ocrx_word' id='word_1_226' title='bbox 361 2898 389 2944; x_wconf 75' lang='lat'>23</span> <span class='ocrx_word' id='word_1_227' title='bbox 408 2885 444 2933; x_wconf 89' lang='lat' dir='ltr'>M.</span> <span class='ocrx_word' id='word_1_228' title='bbox 457 2886 518 2948; x_wconf 86' lang='lat'>396.</span> <span class='ocrx_word' id='word_1_229' title='bbox 531 2887 595 2936; x_wconf 85' lang='lat' dir='ltr'>Tra·</span> 
     </span>
     <span class='ocr_line' id='line_1_31' title="bbox 135 2957 336 3007; baseline -0.01 0"><span class='ocrx_word' id='word_1_230' title='bbox 135 2958 216 3007; x_wconf 88' lang='lat' dir='ltr'>duci:</span> <span class='ocrx_word' id='word_1_231' title='bbox 235 2957 282 3006; x_wconf 88' lang='lat' dir='ltr'>che</span> <span class='ocrx_word' id='word_1_232' title='bbox 300 2972 336 3006; x_wconf 90' lang='lat' dir='ltr'>se.</span> 
     </span>
    </p>

    <p class='ocr_par' dir='ltr' id='par_1_9' title="bbox 177 3036 405 3092">
     <span class='ocr_line' id='line_1_32' title="bbox 177 3036 405 3092; baseline -0.009 -14"><span class='ocrx_word' id='word_1_233' title='bbox 177 3036 222 3092; x_wconf 84' lang='lat'>25.</span> <span class='ocrx_word' id='word_1_234' title='bbox 241 3044 288 3076; x_wconf 86' lang='lat' dir='ltr'>nos</span> <span class='ocrx_word' id='word_1_235' title='bbox 306 3048 342 3068; x_wconf 86' lang='lat'>=-</span> <span class='ocrx_word' id='word_1_236' title='bbox 359 3043 405 3077; x_wconf 86' lang='lat' dir='ltr'>me.</span> 
     </span>
    </p>

    <p class='ocr_par' dir='ltr' id='par_1_10' title="bbox 131 3098 597 3378">
     <span class='ocr_line' id='line_1_33' title="bbox 176 3098 597 3163; baseline 0.002 -15"><span class='ocrx_word' id='word_1_237' title='bbox 176 3099 220 3148; x_wconf 89' lang='lat'>26.</span> <span class='ocrx_word' id='word_1_238' title='bbox 239 3115 293 3146; x_wconf 82' lang='lat' dir='ltr'>rem</span> <span class='ocrx_word' id='word_1_239' title='bbox 313 3098 445 3163; x_wconf 75' lang='lat' dir='ltr'>publicam</span> <span class='ocrx_word' id='word_1_240' title='bbox 471 3100 546 3149; x_wconf 81' lang='lat' dir='ltr'><em>nulla</em></span> <span class='ocrx_word' id='word_1_241' title='bbox 565 3117 597 3149; x_wconf 86' lang='lat' dir='ltr'>ex</span> 
     </span>
     <span class='ocr_line' id='line_1_34' title="bbox 131 3168 596 3238; baseline 0.004 -20"><span class='ocrx_word' id='word_1_242' title='bbox 131 3177 217 3238; x_wconf 77' lang='lat' dir='ltr'>parte</span> <span class='ocrx_word' id='word_1_243' title='bbox 226 3169 395 3235; x_wconf 78' lang='lat' dir='ltr'>attingimus:</span> <span class='ocrx_word' id='word_1_244' title='bbox 406 3168 464 3218; x_wconf 85' lang='lat' dir='ltr'>vivo</span> <span class='ocrx_word' id='word_1_245' title='bbox 477 3170 520 3220; x_wconf 91' lang='lat' dir='ltr'>del</span> <span class='ocrx_word' id='word_1_246' title='bbox 530 3177 596 3220; x_wconf 72' lang='lat' dir='ltr'>tutto</span> 
     </span>
     <span class='ocr_line' id='line_1_35' title="bbox 136 3239 596 3303; baseline -0.002 -11"><span class='ocrx_word' id='word_1_247' title='bbox 136 3249 259 3292; x_wconf 85' lang='lat' dir='ltr'>estraneo</span> <span class='ocrx_word' id='word_1_248' title='bbox 278 3239 303 3288; x_wconf 85' lang='lat' dir='ltr'>al</span> <span class='ocrx_word' id='word_1_249' title='bbox 321 3253 435 3303; x_wconf 85' lang='lat' dir='ltr'>governo</span> <span class='ocrx_word' id='word_1_250' title='bbox 454 3241 522 3291; x_wconf 86' lang='lat' dir='ltr'>della</span> <span class='ocrx_word' id='word_1_251' title='bbox 537 3257 596 3291; x_wconf 87' lang='lat' dir='ltr'>cosa</span> 
     </span>
     <span class='ocr_line' id='line_1_36' title="bbox 138 3311 274 3378; baseline -0.015 -16"><span class='ocrx_word' id='word_1_252' title='bbox 138 3311 274 3378; x_wconf 84' lang='lat' dir='ltr'>pubblica.</span> 
     </span>
    </p>

    <p class='ocr_par' dir='ltr' id='par_1_11' title="bbox 131 3381 598 3732">
     <span class='ocr_line' id='line_1_37' title="bbox 177 3381 596 3444; baseline 0.005 -14"><span class='ocrx_word' id='word_1_253' title='bbox 177 3393 221 3444; x_wconf 87' lang='lat'>27.</span> <span class='ocrx_word' id='word_1_254' title='bbox 234 3383 263 3430; x_wconf 78' lang='lat' dir='ltr'>in</span> <span class='ocrx_word' id='word_1_255' title='bbox 275 3381 360 3431; x_wconf 80' lang='lat' dir='ltr'>causis</span> <span class='ocrx_word' id='word_1_256' title='bbox 373 3399 437 3433; x_wconf 87' lang='lat' dir='ltr'>ecc..·</span> <span class='ocrx_word' id='word_1_257' title='bbox 448 3382 536 3434; x_wconf 80' lang='lat' dir='ltr'>invene</span> <span class='ocrx_word' id='word_1_258' title='bbox 548 3399 596 3433; x_wconf 85' lang='lat' dir='ltr'>con</span> 
     </span>
     <span class='ocr_line' id='line_1_38' title="bbox 139 3453 597 3516; baseline 0.004 -14"><span class='ocrx_word' id='word_1_259' title='bbox 139 3469 243 3502; x_wconf 88' lang='lat' dir='ltr'>somma</span> <span class='ocrx_word' id='word_1_260' title='bbox 272 3453 399 3516; x_wconf 84' lang='lat' dir='ltr'>diligenza</span> <span class='ocrx_word' id='word_1_261' title='bbox 426 3469 477 3504; x_wconf 88' lang='lat' dir='ltr'>ecc.</span> <span class='ocrx_word' id='word_1_262' title='bbox 508 3481 540 3491; x_wconf 86' lang='lat'><em>-</em></span> <span class='ocrx_word' id='word_1_263' title='bbox 568 3456 597 3504; x_wconf 86' lang='lat' dir='ltr'>in</span> 
     </span>
     <span class='ocr_line' id='line_1_39' title="bbox 137 3523 598 3590; baseline 0.007 -17"><span class='ocrx_word' id='word_1_264' title='bbox 137 3525 198 3573; x_wconf 82' lang='lat' dir='ltr'>illa.</span> <span class='ocrx_word' id='word_1_265' title='bbox 221 3523 333 3574; x_wconf 79' lang='lat' dir='ltr'>Traduci</span> <span class='ocrx_word' id='word_1_266' title='bbox 359 3531 449 3590; x_wconf 84' lang='lat' dir='ltr'>questo</span> <span class='ocrx_word' id='word_1_267' title='bbox 472 3540 598 3590; x_wconf 89' lang='lat' dir='ltr'>pronome</span> 
     </span>
     <span class='ocr_line' id='line_1_40' title="bbox 137 3595 596 3646; baseline 0.004 -2"><span class='ocrx_word' id='word_1_268' title='bbox 137 3595 202 3644; x_wconf 84' lang='lat' dir='ltr'>coll&#39;</span> <span class='ocrx_word' id='word_1_269' title='bbox 215 3595 319 3644; x_wconf 88' lang='lat' dir='ltr'>articolo</span> <span class='ocrx_word' id='word_1_270' title='bbox 337 3595 531 3646; x_wconf 89' lang='lat' dir='ltr'>determinativo</span> <span class='ocrx_word' id='word_1_271' title='bbox 553 3611 596 3646; x_wconf 82' lang='lat' dir='ltr'>ac·</span> 
     </span>
     <span class='ocr_line' id='line_1_41' title="bbox 131 3665 598 3732; baseline 0.004 -17"><span class='ocrx_word' id='word_1_272' title='bbox 131 3673 314 3732; x_wconf 81' lang='lat' dir='ltr'>·compagnato</span> <span class='ocrx_word' id='word_1_273' title='bbox 325 3665 516 3731; x_wconf 83' lang='lat' dir='ltr'>dall’aggettivo</span> <span class='ocrx_word' id='word_1_274' title='bbox 528 3688 540 3711; x_wconf 74' lang='lat' dir='ltr'>e</span> <span class='ocrx_word' id='word_1_275' title='bbox 552 3683 598 3717; x_wconf 91' lang='lat' dir='ltr'>no·</span> 
     </span>
    </p>
   </div>
   <div class='ocr_carea' id='block_1_7' title="bbox 645 2460 1146 3647">
    <p class='ocr_par' dir='ltr' id='par_1_12' title="bbox 645 2460 1100 2524">
     <span class='ocr_line' id='line_1_42' title="bbox 645 2460 1100 2524; baseline 0.004 -14"><span class='ocrx_word' id='word_1_276' title='bbox 645 2469 671 2511; x_wconf 85' lang='lat' dir='ltr'>ta</span> <span class='ocrx_word' id='word_1_277' title='bbox 688 2480 708 2521; x_wconf 76' lang='grc' dir='ltr'>ι,</span> <span class='ocrx_word' id='word_1_278' title='bbox 729 2461 802 2512; x_wconf 84' lang='lat' dir='ltr'>ecfr.</span> <span class='ocrx_word' id='word_1_279' title='bbox 821 2460 846 2510; x_wconf 91' lang='lat' dir='ltr'>S.</span> <span class='ocrx_word' id='word_1_280' title='bbox 865 2462 896 2511; x_wconf 90' lang='lat' dir='ltr'>L.</span> <span class='ocrx_word' id='word_1_281' title='bbox 909 2463 941 2513; x_wconf 91' lang='lat' dir='ltr'>G.</span> <span class='ocrx_word' id='word_1_282' title='bbox 954 2463 986 2522; x_wconf 87' lang='lat'>11,</span> <span class='ocrx_word' id='word_1_283' title='bbox 1005 2476 1061 2524; x_wconf 89' lang='lat'>190,</span> <span class='ocrx_word' id='word_1_284' title='bbox 1076 2476 1100 2512; x_wconf 86' lang='lat'>2.</span> 
     </span>
    </p>

    <p class='ocr_par' dir='ltr' id='par_1_13' title="bbox 645 2533 1100 2880">
     <span class='ocr_line' id='line_1_43' title="bbox 683 2533 1100 2596; baseline 0.005 -14"><span class='ocrx_word' id='word_1_285' title='bbox 683 2545 725 2596; x_wconf 89' lang='lat'>30.</span> <span class='ocrx_word' id='word_1_286' title='bbox 738 2533 839 2582; x_wconf 85' lang='lat' dir='ltr'>Domus</span> <span class='ocrx_word' id='word_1_287' title='bbox 851 2533 1000 2592; x_wconf 82' lang='lat' dir='ltr'>celebratur,</span> <span class='ocrx_word' id='word_1_288' title='bbox 1013 2550 1100 2584; x_wconf 87' lang='lat' dir='ltr'>occur·</span> 
     </span>
     <span class='ocr_line' id='line_1_44' title="bbox 645 2600 1099 2670; baseline 0.002 -18"><span class='ocrx_word' id='word_1_289' title='bbox 645 2604 731 2653; x_wconf 85' lang='lat' dir='ltr'>ritur:</span> <span class='ocrx_word' id='word_1_290' title='bbox 752 2603 846 2652; x_wconf 84' lang='lat' dir='ltr'>lamia</span> <span class='ocrx_word' id='word_1_291' title='bbox 864 2600 954 2652; x_wconf 68' lang='lat' dir='ltr'>casae</span> <span class='ocrx_word' id='word_1_292' title='bbox 979 2604 1099 2670; x_wconf 81' lang='lat' dir='ltr'>frequen·</span> 
     </span>
     <span class='ocr_line' id='line_1_45' title="bbox 647 2673 1098 2739; baseline 0.007 -16"><span class='ocrx_word' id='word_1_293' title='bbox 647 2681 699 2723; x_wconf 83' lang='lat' dir='ltr'>tata</span> <span class='ocrx_word' id='word_1_294' title='bbox 717 2675 750 2722; x_wconf 86' lang='lat' dir='ltr'>da</span> <span class='ocrx_word' id='word_1_295' title='bbox 771 2673 922 2724; x_wconf 88' lang='lat' dir='ltr'>moltissime</span> <span class='ocrx_word' id='word_1_296' title='bbox 946 2690 1061 2739; x_wconf 87' lang='lat' dir='ltr'>persone,</span> <span class='ocrx_word' id='word_1_297' title='bbox 1083 2693 1098 2726; x_wconf 87' lang='lat' dir='ltr'>e</span> 
     </span>
     <span class='ocr_line' id='line_1_46' title="bbox 647 2744 1098 2811; baseline 0.004 -17"><span class='ocrx_word' id='word_1_298' title='bbox 647 2744 797 2794; x_wconf 88' lang='lat' dir='ltr'>moltissime</span> <span class='ocrx_word' id='word_1_299' title='bbox 824 2761 888 2809; x_wconf 85' lang='lat' dir='ltr'>pure</span> <span class='ocrx_word' id='word_1_300' title='bbox 917 2746 954 2794; x_wconf 89' lang='lat' dir='ltr'>mi</span> <span class='ocrx_word' id='word_1_301' title='bbox 980 2762 1098 2811; x_wconf 87' lang='lat' dir='ltr'>vengono</span> 
     </span>
     <span class='ocr_line' id='line_1_47' title="bbox 647 2816 894 2880; baseline 0.012 -16"><span class='ocrx_word' id='word_1_302' title='bbox 647 2816 764 2864; x_wconf 85' lang='lat' dir='ltr'>incontro</span> <span class='ocrx_word' id='word_1_303' title='bbox 782 2830 828 2880; x_wconf 88' lang='lat' dir='ltr'>per</span> <span class='ocrx_word' id='word_1_304' title='bbox 845 2816 894 2867; x_wconf 84' lang='lat' dir='ltr'>via.</span> 
     </span>
    </p>

    <p class='ocr_par' dir='ltr' id='par_1_14' title="bbox 648 2887 1100 3079">
     <span class='ocr_line' id='line_1_48' title="bbox 683 2887 1099 2952; baseline 0.012 -19"><span class='ocrx_word' id='word_1_305' title='bbox 683 2899 725 2950; x_wconf 79' lang='lat'>31.</span> <span class='ocrx_word' id='word_1_306' title='bbox 744 2887 831 2934; x_wconf 82' lang='lat' dir='ltr'>studia</span> <span class='ocrx_word' id='word_1_307' title='bbox 848 2887 1044 2952; x_wconf 69' lang='lat' dir='ltr'>significantur:</span> <span class='ocrx_word' id='word_1_308' title='bbox 1062 2889 1099 2938; x_wconf 88' lang='lat' dir='ltr'>mi</span> 
     </span>
     <span class='ocr_line' id='line_1_49' title="bbox 648 2957 1100 3022; baseline 0.007 -15"><span class='ocrx_word' id='word_1_309' title='bbox 648 2958 668 3007; x_wconf 89' lang='lat' dir='ltr'>si</span> <span class='ocrx_word' id='word_1_310' title='bbox 688 2957 773 3006; x_wconf 85' lang='lat' dir='ltr'>danno</span> <span class='ocrx_word' id='word_1_311' title='bbox 791 2973 870 3022; x_wconf 90' lang='lat' dir='ltr'>prove</span> <span class='ocrx_word' id='word_1_312' title='bbox 888 2973 940 3007; x_wconf 92' lang='lat' dir='ltr'>non</span> <span class='ocrx_word' id='word_1_313' title='bbox 958 2959 1055 3010; x_wconf 88' lang='lat' dir='ltr'>dubbie</span> <span class='ocrx_word' id='word_1_314' title='bbox 1071 2961 1100 3010; x_wconf 91' lang='lat' dir='ltr'>di</span> 
     </span>
     <span class='ocr_line' id='line_1_50' title="bbox 648 3029 743 3079; baseline -0.021 -1"><span class='ocrx_word' id='word_1_315' title='bbox 648 3029 743 3079; x_wconf 82' lang='lat' dir='ltr'>affetto.</span> 
     </span>
    </p>

    <p class='ocr_par' dir='ltr' id='par_1_15' title="bbox 684 3099 1102 3164">
     <span class='ocr_line' id='line_1_51' title="bbox 684 3099 1102 3164; baseline 0.012 -16"><span class='ocrx_word' id='word_1_316' title='bbox 684 3099 783 3164; x_wconf 75' lang='lat' dir='ltr'>36‚per</span> <span class='ocrx_word' id='word_1_317' title='bbox 798 3099 948 3150; x_wconf 83' lang='lat' dir='ltr'>Varronem.</span> <span class='ocrx_word' id='word_1_318' title='bbox 959 3099 1012 3152; x_wconf 82' lang='lat' dir='ltr'>cfr.</span> <span class='ocrx_word' id='word_1_319' title='bbox 1022 3101 1043 3160; x_wconf 73' lang='grc' dir='ltr'>Ι,</span> <span class='ocrx_word' id='word_1_320' title='bbox 1059 3101 1102 3154; x_wconf 82' lang='lat'>61.</span> 
     </span>
    </p>

    <p class='ocr_par' dir='ltr' id='par_1_16' title="bbox 651 3172 1146 3307">
     <span class='ocr_line' id='line_1_52' title="bbox 686 3172 1102 3236; baseline 0.012 -18"><span class='ocrx_word' id='word_1_321' title='bbox 686 3181 727 3234; x_wconf 88' lang='lat'>37.</span> <span class='ocrx_word' id='word_1_322' title='bbox 739 3177 762 3219; x_wconf 81' lang='lat' dir='ltr'>te</span> <span class='ocrx_word' id='word_1_323' title='bbox 772 3179 892 3236; x_wconf 80' lang='lat' dir='ltr'>urgente:</span> <span class='ocrx_word' id='word_1_324' title='bbox 906 3172 946 3221; x_wconf 92' lang='lat' dir='ltr'>col</span> <span class='ocrx_word' id='word_1_325' title='bbox 959 3179 1003 3221; x_wconf 89' lang='lat' dir='ltr'>tuo</span> <span class='ocrx_word' id='word_1_326' title='bbox 1016 3174 1102 3223; x_wconf 82' lang='lat' dir='ltr'>valido</span> 
     </span>
     <span class='ocr_line' id='line_1_53' title="bbox 651 3240 1146 3307; baseline 0.008 -2"><span class='ocrx_word' id='word_1_327' title='bbox 651 3240 788 3307; x_wconf 65' lang='lat' dir='ltr'>acroasin</span> <span class='ocrx_word' id='word_1_328' title='bbox 1144 3247 1146 3250; x_wconf 82' lang='grc'><strong>’</strong></span> 
     </span>
    </p>

    <p class='ocr_par' dir='ltr' id='par_1_17' title="bbox 687 3311 1053 3374">
     <span class='ocr_line' id='line_1_54' title="bbox 687 3311 1053 3374; baseline 0.011 -14"><span class='ocrx_word' id='word_1_329' title='bbox 687 3311 729 3374; x_wconf 90' lang='lat'>38.</span> <span class='ocrx_word' id='word_1_330' title='bbox 749 3313 818 3361; x_wconf 82' lang='lat' dir='ltr'>clici:</span> <span class='ocrx_word' id='word_1_331' title='bbox 836 3329 909 3363; x_wconf 83' lang='lat' dir='ltr'>cavar</span> <span class='ocrx_word' id='word_1_332' title='bbox 927 3314 953 3363; x_wconf 95' lang='lat' dir='ltr'>di</span> <span class='ocrx_word' id='word_1_333' title='bbox 965 3314 1053 3364; x_wconf 85' lang='lat' dir='ltr'>bocca.</span> 
     </span>
    </p>

    <p class='ocr_par' dir='ltr' id='par_1_18' title="bbox 651 3385 1105 3647">
     <span class='ocr_line' id='line_1_55' title="bbox 687 3385 1104 3447; baseline 0.007 -16"><span class='ocrx_word' id='word_1_334' title='bbox 687 3396 730 3447; x_wconf 87' lang='lat'>39.</span> <span class='ocrx_word' id='word_1_335' title='bbox 760 3385 842 3432; x_wconf 86' lang='lat' dir='ltr'>multa</span> <span class='ocrx_word' id='word_1_336' title='bbox 871 3387 953 3433; x_wconf 83' lang='lat' dir='ltr'>etiam.</span> <span class='ocrx_word' id='word_1_337' title='bbox 985 3385 1053 3435; x_wconf 86' lang='lat' dir='ltr'>Nota</span> <span class='ocrx_word' id='word_1_338' title='bbox 1079 3386 1104 3434; x_wconf 86' lang='lat' dir='ltr'>la</span> 
     </span>
     <span class='ocr_line' id='line_1_56' title="bbox 651 3453 1102 3519; baseline 0.004 -17"><span class='ocrx_word' id='word_1_339' title='bbox 651 3453 732 3519; x_wconf 86' lang='lat' dir='ltr'>figura</span> <span class='ocrx_word' id='word_1_340' title='bbox 745 3453 771 3502; x_wconf 92' lang='lat' dir='ltr'>di</span> <span class='ocrx_word' id='word_1_341' title='bbox 784 3455 915 3505; x_wconf 87' lang='lat' dir='ltr'>reticenza.</span> <span class='ocrx_word' id='word_1_342' title='bbox 926 3455 978 3504; x_wconf 84' lang='lat' dir='ltr'>Csr.</span> <span class='ocrx_word' id='word_1_343' title='bbox 986 3457 1011 3507; x_wconf 90' lang='lat' dir='ltr'>S.</span> <span class='ocrx_word' id='word_1_344' title='bbox 1022 3457 1051 3506; x_wconf 89' lang='lat' dir='ltr'>F.</span> <span class='ocrx_word' id='word_1_345' title='bbox 1061 3455 1102 3517; x_wconf 90' lang='lat'>84,</span> 
     </span>
     <span class='ocr_line' id='line_1_57' title="bbox 652 3526 1105 3576; baseline 0 -2"><span class='ocrx_word' id='word_1_346' title='bbox 652 3526 676 3575; x_wconf 84' lang='lat'>6.</span> <span class='ocrx_word' id='word_1_347' title='bbox 697 3553 731 3562; x_wconf 96' lang='lat'><em>-</em></span> <span class='ocrx_word' id='word_1_348' title='bbox 756 3527 896 3576; x_wconf 85' lang='lat' dir='ltr'>absurdum</span> <span class='ocrx_word' id='word_1_349' title='bbox 921 3535 972 3576; x_wconf 83' lang='lat' dir='ltr'>est:</span> <span class='ocrx_word' id='word_1_350' title='bbox 997 3527 1105 3576; x_wconf 86' lang='lat' dir='ltr'>sarebbe</span> 
     </span>
     <span class='ocr_line' id='line_1_58' title="bbox 652 3597 764 3647; baseline 0 -1"><span class='ocrx_word' id='word_1_351' title='bbox 652 3597 764 3647; x_wconf 88' lang='lat' dir='ltr'>assurdo.</span> 
     </span>
    </p>
   </div>
   <div class='ocr_carea' id='block_1_8' title="bbox 0 0 1400 4280">
    <p class='ocr_par' dir='ltr' id='par_1_19' title="bbox 0 0 1400 4280">
     <span class='ocr_line' id='line_1_59' title="bbox 0 0 1400 4280; baseline 0 0"><span class='ocrx_word' id='word_1_352' title='bbox 0 0 1400 4280; x_wconf 95' lang='lat' dir='ltr'> </span> 
     </span>
    </p>
   </div>
  </div>
 </body>
</html>
