2786 4280
265 275 301 317 n.
324 273 354 316 r.
379 271 541 314 crcrnoms
565 271 612 318 re.
637 271 700 316 sun.
725 271 923 316 -n1>.x1v.
1029 269 1066 332 57

122 419 171 477 per
191 399 313 460 eosdem
337 395 506 473 creditores,
530 415 583 475 per
605 416 689 473 quos,
715 416 782 456 cum
806 407 839 457 tu
866 397 980 473 aderas,
1004 418 1070 476 age·

123 490 201 548 batur
213 505 221 564 ;
260 487 337 566 regis
359 505 448 548 causa
470 486 495 546 si
523 485 575 560 qni
600 498 669 545 sunt
697 484 753 561 qui
778 485 879 559 velint,
904 487 955 564 qui
983 485 1070 565 pauci

125 587 192 652 sunt,
216 596 321 638 omnes
343 595 406 636 rem
430 576 469 634 ad
491 573 667 652 Pompeium
691 574 798 634 deferri
823 576 948 651 volunt;
988 595 1070 636 sena·
1098 595 1139 634 ro

124 675 165 724 tus
184 664 334 744 religionis
350 662 529 726 calumniam
545 682 606 727 non
621 661 774 740 religione,
791 665 844 723 sed
859 663 1069 728 malevolentia

124 764 149 813 et
162 753 237 815 illius
252 754 350 832 regiae
364 751 527 831 largitionis
541 751 653 812 invidia
667 753 852 830 comprobat.
894 753 1071 831 Pompeium

125 853 149 904 et
168 843 277 904 hortari
300 853 330 903 et
353 861 437 902 orare
461 851 490 902 et
512 841 571 900 iam
586 839 708 901 liberius
732 860 869 901 accusare
892 852 922 902 et
936 861 1068 918 monere,

124 942 153 992 ut
172 952 309 1011 magnam
326 930 477 991 infamiam
494 929 595 1008 fugiat,
612 949 673 990 non
689 928 873 1006 desistimus;
912 931 965 990 sed
981 933 1070 1008 plane

124 1041 173 1081 nec
185 1021 322 1100 precibus
337 1018 446 1080 nostris
461 1039 517 1080 nec
529 1017 784 1078 admonitionibus
799 1019 940 1097 relinquit
950 1021 1067 1081 locum:
1097 1036 1138 1096 15

124 1129 184 1169 nam
206 1131 275 1171 cum
298 1109 330 1168 in
354 1127 490 1170 sermone
521 1106 670 1168 cotidiano
693 1117 757 1166 tum
784 1106 815 1167 in
837 1118 941 1168 senatu
972 1111 1070 1186 palam

124 1198 160 1259 sic
180 1199 238 1277 egit
261 1218 379 1260 causam
395 1208 485 1269 tuam,
508 1205 540 1256 ut
562 1215 660 1273 neque
675 1196 845 1272 eloquentia
861 1196 972 1257 maiore
991 1197 1069 1274 quis·

125 1306 203 1363 qnam
225 1308 283 1348 nec
305 1287 447 1365 gravitate
477 1305 534 1346 nec
556 1284 655 1370 studio
685 1303 742 1345 nec
763 1285 956 1346 contentione
982 1306 1069 1364 agere

124 1376 249 1452 potuerit,
275 1397 344 1438 curn
372 1395 487 1435 summa
513 1372 718 1435 testificatione
747 1383 866 1434 tuorum
889 1375 920 1434 in
953 1394 984 1434 se
1007 1377 1069 1434 offi-

125 1464 225 1525 ciorum
249 1476 279 1526 et
301 1463 410 1525 amoris
441 1484 511 1542 erga
532 1473 562 1523 te
585 1462 641 1524 sui.
691 1461 898 1523 Marcellinum
922 1462 978 1524 tibi
1006 1483 1069 1524 esse
1096 1483 1139 1524 20¹

124 1551 218 1615 iratum
242 1554 319 1629 scis;
359 1553 392 1625 ie,
416 1555 474 1614 hac
495 1551 575 1630 regia
597 1570 685 1612 causa
700 1561 832 1629 excepta,
853 1552 958 1613 ceteris
979 1553 1010 1612 in
1025 1573 1069 1613 re·

124 1643 172 1703 bus
193 1663 222 1703 se
245 1641 421 1704 acerrimum
438 1640 482 1701 tui
500 1642 687 1700 defensorem
706 1641 770 1701 sore
793 1641 933 1702 ostendit.
980 1643 1070 1718 Quod

125 1731 177 1804 dat,
199 1731 360 1810 accipimus
372 1749 380 1807 ;
419 1731 505 1808 quod.
524 1728 651 1789 instituit
673 1730 781 1790 referre
805 1731 843 1790 de
866 1730 1010 1808 religione
1041 1741 1071 1791 et

125 2045 224 2110 parlare3
237 2065 285 2108 ma,
297 2047 415 2098 ritiratosi
431 2048 464 2096 ad
476 2047 561 2106 Eseso,

126 2115 193 2168 lascio
210 2127 312 2170 trattare
330 2119 355 2168 la
368 2134 427 2168 cosa
445 2119 487 2167 dai
506 2118 562 2167 suoi

127 2189 230 2240 ministri.

157 2258 177 2309 8.
190 2269 237 2326 per
252 2261 349 2310 eosdem
361 2262 505 2310 creditores.
518 2260 563 2308 Al·

127 2328 177 2380 lnde
193 2332 235 2397 qui
253 2347 306 2380 non
325 2331 380 2380 solo
396 2348 411 2380 a
430 2331 489 2396 quei
509 2346 562 2381 cre·

128 2400 197 2461 ditori,
216 2404 261 2452 che
284 2402 423 2452 avrebbero
445 2408 526 2452 esatto
543 2401 563 2451 il

128 2471 207 2522 danaro
237 2481 348 2539 prestato
383 2490 398 2522 a
427 2473 561 2533 Tolomeo,

128 2544 215 2606 quando
240 2546 324 2610 questi
352 2545 419 2594 fosse
442 2550 507 2594 stato
531 2545 562 2594 ri·

128 2627 197 2664 nesso
214 2616 255 2667 nel
268 2631 315 2666 suo
329 2630 415 2680 regn0,
429 2631 471 2664 ma
483 2616 563 2666 anche

130 2698 141 2730 a
155 2687 231 2749 quelle
248 2703 357 2753 persone
372 2688 420 2736 che
432 2686 562 2735 sommini-

130 2759 229 2806 stravano
241 2765 414 2824 apertamente
429 2758 523 2806 danaro
535 2757 563 2806 in

130 2823 200 2878 lavore
216 2829 242 2878 di
260 2831 375 2895 Pompeo
388 2836 476 2878 contro
495 2829 563 2882 Len·

130 2895 180 2958 tulo,
196 2915 239 2964 per
257 2915 384 2966 appagare
400 2899 419 2948 il
437 2899 564 2950 desiderio

129 2965 163 3016 del
178 2985 208 3020 re.

157 3052 178 3100 9.
197 3044 262 3108 regis
288 3057 367 3090 causa
389 3042 413 3090 si
430 3043 478 3106 qui
495 3049 566 3090 'sunt

129 3111 167 3169 qui
180 3114 272 3164 velint:
291 3129 318 3162 se
336 3112 361 3160 vi
380 3108 395 3160 ὲ
413 3113 505 3162 alcuno
516 3112 563 3162 che

129 3183 192 3245 terga
208 3184 273 3234 dalla
292 3191 363 3251 parte
382 3183 424 3234 del
443 3201 477 3234 re.
503 3185 563 3233 Per-

130 3245 167 3298 cut
182 3253 199 3301 il
216 3255 381 3320 congiuntivo
399 3255 501 3304 velint)

159 3335 192 3372 11.
210 3327 341 3392 religionis
354 3325 529 3375 calumm'om:
545 3325 564 3374 il

131 3400 224 3451 pretesto
249 3398 291 3447 del
319 3397 474 3446 sentimento
505 3396 564 3446 reli-

131 3460 196 3520 gioso.
214 3495 244 3503 -
269 3485 322 3517 non
347 3468 487 3533 religione:
512 3482 564 3516 non

130 3543 167 3592 per
183 3535 304 3604 iscrupolo
323 3539 349 3588 di
368 3537 505 3589 coscienza.

163 3616 194 3669 ¹3.
209 3610 311 3660 liberius
326 3625 468 3659 accusare:
486 3608 563 3658 biasi-

617 2046 697 2096 marlo
707 2062 743 2095 un
756 2043 791 2113 po
800 2047 974 2098 liberamente.
990 2047 1071 2099 Corne

617 2119 638 2168 si
657 2115 709 2184 puo
729 2119 842 2169 tradurre
860 2119 880 2168 il
899 2121 1070 2185 comparativo

616 2189 696 2240 latino
723 2206 798 2240 senza
826 2190 937 2240 secondo
963 2191 1071 2240 termine

616 2261 643 2310 di
657 2260 812 2310 confronto?
828 2261 897 2310 Nota
909 2262 934 2311 la
946 2262 1069 2325 congiun-

616 2333 690 2382 zione
713 2340 737 2382 et
754 2331 865 2398 ripetuta
888 2349 902 2382 e
926 2332 970 2382 cfr.
995 2333 1019 2382 S.
1040 2333 1070 2381 F.

656 2473 695 2524 18.
715 2490 760 2522 nec
776 2474 907 2538 gravitate
921 2489 966 2522 nec
984 2474 1071 2522 studio

617 2561 662 2593 nec
672 2546 844 2594 contentione:
854 2540 960 2608 dignita,
974 2545 1071 2604 affett0,

617 2614 705 2665 enfasi.

656 2699 695 2747 19.
703 2686 837 2750 potuerit:
851 2686 959 2735 avrebbe
969 2693 1068 2751 potuto.

617 2757 715 2820 Questo
732 2756 898 2820 congiuntivo
912 2772 1070 2822 conseguen·

617 2827 681 2878 ziale
699 2827 862 2892 corrisponde
875 2828 900 2876 al
914 2831 1004 2892 potuit
1014 2828 1070 2894 ipo·

618 2899 696 2949 tetico
714 2898 756 2948 del
775 2905 842 2948 terzo
868 2899 929 2964 tipo.
955 2899 1008 2948 cfr.
1032 2901 1070 2948 M.

619 2969 678 3034 306,
698 2973 728 3020 A.
751 2983 783 3028 1;
802 2969 827 3019 S.
849 2983 909 3034 233,
929 2982 953 3030 2,
973 2987 997 3019 n.

655 3053 696 3089 20.
716 3040 910 3090 Marcellinum.
933 3042 983 3093 Gn.
1002 3043 1068 3091 Len-

618 3112 673 3161 tulo
691 3111 841 3162 Marcellino
854 3128 896 3162 era
912 3112 991 3162 allora
1009 3127 1070 3161 con·

618 3183 672 3233 sole
691 3198 739 3231 con
758 3184 788 3232 L.
808 3183 905 3234 Marcio
924 3184 1035 3249 Filippo.

654 3267 696 3304 22.
729 3255 805 3316 Quod
829 3256 883 3314 dot,
914 3256 1071 3318 accepimus:

618 3325 768 3391 prendiamo
787 3325 874 3390 quello
893 3324 939 3374 che
957 3323 997 3374 da

654 3409 695 3461 23.
716 3397 788 3460 quod
802 3397 919 3445 instituit
928 3395 1027 3460 referre
1040 3393 1072 3443 de

617 3468 758 3533 religione:
776 3474 872 3532 quanto
895 3468 920 3516 al
945 3482 991 3515 suo
1009 3480 1069 3530 pro-

618 3539 702 3604 posito
738 3538 765 3586 di
795 3538 833 3587 far
869 3538 953 3588 valere
983 3537 1000 3585 l'
1014 3551 1069 3584 ora·

618 3609 683 3658 colo.
