2788 4286
311 262 481 305 tetstatur
505 261 661 306 structas
683 277 727 290 ···
750 262 796 308 ΕΡ.
821 263 908 307 XXIII.

1026 265 1084 320 103

124 389 202 451 tiam
226 389 373 451 rationem
394 388 438 449 rei
467 388 617 450 familiaris
638 399 716 463 tuae,
748 408 839 465 quam
870 387 1003 466 dissipari
1033 408 1088 448 no·

125 483 239 540 lumus.
294 481 381 553 Nam,
413 477 468 538 etsi
499 480 611 538 nullam
641 487 740 556 potest
772 476 906 554 accipere
939 477 1085 551 iniuriam,

127 587 209 646 quae
231 571 330 628 sutura
352 576 497 645 perpetua
517 567 563 641 sit,
580 577 738 646 propterea
758 567 840 643 quod
864 585 962 642 neque
984 565 1017 638 is,
1035 566 1088 643 qui

132 668 217 717 senet
238 677 303 716 rem
325 655 485 734 publicam,
516 655 646 734 patietur
666 673 766 731 neque
792 654 856 732 ipsa
886 674 932 714 res
955 654 1084 732 publica,

129 754 232 805 tamen
257 745 402 822 impetum
425 746 610 822 praedonum
624 743 658 818 ,in
681 755 746 804 tuas
761 746 894 804 fortunas
907 744 971 804 fieri
992 744 1085 819 nolo;
1110 747 1154 804 60

129 831 153 890 ii
175 845 275 894 autem
298 833 479 909 quiessent,
504 835 644 893 auderem
668 833 806 905 scribere,
840 833 896 892 nisi
919 842 949 892 te
972 832 1086 892 intelle·

129 940 201 1000 gere
223 924 417 984 confiderem.

176 1011 234 1073 Hic
257 1021 287 1071 te
309 1009 397 1071 unius
428 1010 648 1084 sollicitudines,
674 1010 761 1070 unius
791 1009 881 1070 etiam
915 1012 1026 1070 multae
1057 1019 1089 1070 et

124 1097 265 1160 assiduae
287 1099 435 1173 lacrimae,
467 1101 502 1160 C.
534 1099 676 1172 Marcelli,
709 1098 804 1159 fratris
836 1098 949 1177 optimi,
981 1100 1086 1176 depre-

126 1198 245 1250 cantur.
291 1191 355 1248 Nos
378 1208 449 1249 cura
471 1198 501 1248 et
524 1189 627 1248 dolore
650 1187 779 1267 proximi
803 1207 912 1262 sumus,
946 1187 1085 1266 precibus
1109 1193 1149 1266 65

128 1277 285 1352 tardiores,
321 1279 403 1354 quod
433 1276 479 1337 ius
508 1276 648 1350 adeundi,
684 1296 751 1337 cum
787 1275 843 1355 ipsi
876 1276 1087 1354 deprecatione

128 1365 307 1442 eguerimus,
344 1386 406 1426 non
440 1368 606 1440 habemus;

653 1365 745 1444 gratia
777 1375 892 1425 tantum
930 1383 1088 1444 possumus

126 1464 275 1531 quantum
290 1454 379 1530 victi;
415 1457 469 1515 sed
484 1465 586 1514 tamen
601 1453 734 1528 consilio,
752 1454 851 1514 studio
867 1455 1009 1516 Marcello
1025 1474 1087 1514 non

126 1545 283 1602 desumus.
332 1547 360 1603 A
383 1543 440 1604 tuis
463 1543 585 1622 reliquis
608 1563 670 1603 non
693 1542 890 1618 adhibemur;
933 1545 972 1603 ad
987 1543 1088 1604 omnia

126 1632 226 1709 parati
250 1651 360 1692 sumus.

165 1825 209 1889 56.
233 1825 371 1874 nolumus:
396 1839 447 1874 non
472 1840 581 1874 vortem-

126 1911 183 1945 mo.
200 1895 261 1944 Allo
275 1903 354 1944 stesso
367 1897 444 1944 modo
458 1896 582 1945 traducasi

124 1968 147 2016 il
179 1967 248 2025 reolo,
276 1966 322 2016 che
358 1969 377 2016 s'
388 1968 504 2015 incontra
538 1963 582 2034 pili

125 2046 205 2088 sotto

165 2117 208 2172 57.
231 2108 366 2182 iniuriam,
394 2125 474 2172 quae:
497 2109 583 2158 danno

128 2179 183 2229 tale
201 2179 256 2228 che.

166 2248 209 2314 58.
230 2251 260 2310 is,
282 2251 328 2312 qui
346 2258 414 2301 terret
427 2266 481 2300 rem
495 2250 583 2314 publi-

126 2337 194 2380 cam,
215 2316 271 2369 ciolr
291 2320 391 2381 Cesare.
406 2321 431 2370 al
450 2322 525 2386 quale
547 2322 584 2370 al-

126 2392 193 2440 lude
211 2397 250 2441 tre
264 2392 331 2442 volte
350 2392 378 2442 in
390 2399 481 2458 questa
493 2392 584 2442 lettera

126 2478 231 2528 sempre
250 2478 299 2512 con
315 2479 366 2512 una
385 2463 509 2529 perifrasi.
530 2462 583 2512 Cir.

125 2547 162 2595 49
184 2549 199 2583 e
218 2532 261 2596 38·

164 2605 209 2653 60.
219 2607 341 2668 impetam
346 2606 524 2669 praedonum:
536 2605 583 2655 che

126 2676 136 2725 i
155 2675 357 2740 saccheggiatori
382 2676 449 2724 colla
468 2676 582 2726 violenza

126 2746 288 2805 assalisser03
306 2747 410 2796 intende
425 2748 523 2812 parlare
540 2747 582 2798 dei

126 2816 233 2882 seguaci
253 2818 280 2866 di
299 2816 399 2867 Cesare.

164 2889 208 2952 63.
228 2889 281 2936 Hic
299 2896 366 2938 te...
393 2890 582 2952 deprecantur:

124 2961 173 3026 qui
205 2959 331 3009 chiedono
363 2961 446 3023 grazia
472 2976 518 3026 per
548 2953 603 3010 tes

126 3056 162 3066 -
186 3031 392 3081 sollicitudines:
410 3030 435 3080 le
454 3032 582 3095 angoscie.

127 3100 205 3150 Circa
218 3101 237 3150 il
251 3101 356 3166 plurale,
374 3102 419 3150 cir.
434 3101 459 3151 S.
478 3103 507 3151 F.
521 3119 545 3166 9,
559 3119 581 3152 a.

164 3172 209 3234 64.
231 3171 258 3222 C.
275 3172 404 3230 Marcelli,
415 3173 519 3236 fratris
538 3181 582 3238 op-

124 3245 202 3294 timi:
219 3243 246 3292 di
266 3243 296 3296 G.
316 3244 445 3304 Marcello,
466 3243 582 3294 l¹ottimo

637 1831 682 1874 tuo
697 1825 791 1889 cugino
804 1831 924 1890 patemo;
938 1826 983 1890 qui
993 1826 1088 1890 frater

636 1917 671 1937 =
681 1896 776 1960 frater
789 1897 926 1960 patruelis.

674 1967 716 2031 65.
734 1967 791 2015 Nos
810 1988 845 2008 =
864 1984 962 2032 ega—
981 1984 1045 2016 cura
1065 1975 1090 2017 et

637 2038 740 2086 dolore:
764 2038 806 2104 pel
831 2038 888 2086 vivo
914 2039 1016 2098 dolore;
1043 2055 1088 2089 en-

637 2109 713 2158 diadi.
744 2137 775 2144 -
802 2111 928 2173 proximi,
959 2106 1015 2160 cioe
1043 2117 1087 2159 tuo

629 2179 728 2244 fratri.
751 2207 781 2215 -
801 2181 921 2244 precibus
943 2182 1090 2231 tardiores:

638 2266 679 2298 ma
698 2247 743 2315 piu
763 2251 833 2300 lento
851 2267 866 2299 a
884 2267 997 2316 pregare.

674 2321 716 2370 66.
736 2324 808 2386 quod
826 2323 867 2370 ius
885 2323 1001 2388 adeundi
1021 2336 1086 2371 ece:

638 2388 732 2457 perche
744 2408 797 2441 non
816 2392 849 2441 ho
864 2392 883 2440 il
896 2393 983 2441 diritto
1002 2392 1028 2440 di
1046 2407 1087 2441 ac·

638 2464 756 2512 costarmi
784 2480 799 2512 a
826 2462 863 2513 lui
891 2479 936 2529 per
960 2462 1086 2528 pregarlo,

638 2535 742 2583 avendo
753 2534 779 2583 io
792 2541 871 2584 stesso
884 2541 959 2583 avuto
977 2533 1087 2598 bisogno

638 2605 665 2654 di
684 2605 839 2670 supplicarlo
855 2622 870 2653 a
888 2604 940 2654 mio
959 2605 1086 2668 riguardo.

673 2676 714 2739 67.
728 2677 879 2740 egrrerimus,
890 2671 982 2740 perche
992 2676 1017 2724 al
1027 2691 1086 2740 con·

636 2747 767 2812 giuntivol

673 2817 715 2868 68.
741 2825 868 2882 quantum
891 2819 967 2868 victi:
991 2825 1086 2884 quanto

636 2886 688 2956 pud
708 2904 744 2938 un
759 2889 837 2938 vinto.
852 2915 886 2926 -·
898 2891 999 2938 studio:
1016 2889 1087 2940 nello

636 2961 698 3010 zelo.

673 3031 715 3094 69.
726 3034 750 3080 A
765 3033 817 3080 tuis
829 3031 937 3094 reliquis
949 3048 1002 3080 non
1014 3034 1087 3082 odlri·

637 3104 739 3151 bamur:
762 3102 799 3166 gli
823 3102 881 3151 altri
908 3103 961 3152 tuoi
987 3105 1087 3168 parenti

636 3189 689 3221 non
712 3173 733 3222 si
752 3174 862 3237 valgono
889 3175 975 3224 affatto
1000 3174 1027 3223 di
1045 3191 1092 3226 me

637 3243 664 3293 in
682 3252 772 3310 questo
792 3245 876 3295 affare.

496 3497 720 3509 —.-.....
