2788 4286
326 321 383 360 112
657 320 691 362 M.
715 319 745 364 T.
769 317 932 361 CICERONIS

319 444 438 506 modice
460 447 518 505 hoc
540 443 645 504 faciam
660 455 711 503 aut
734 443 822 504 etiam
838 442 915 503 intra
934 445 1066 516 modum,
1092 455 1125 504 ut
1148 454 1178 504 et
1195 445 1275 506 iilius

319 534 463 594 voluntati
487 545 516 594 et
538 533 613 593 meis
635 532 739 593 studiis
761 532 896 594 serviam.
943 535 1031 606 Nam,
1056 533 1111 592 etsi
1134 552 1152 591 a
1178 534 1277 611 prima

246 626 294 684 do
318 634 414 684 aetate
437 642 486 683 me
508 621 606 682 omnis
631 642 679 682 ars
709 631 739 682 et
761 619 895 682 doctrina
925 621 1055 682 liberalis
1085 633 1116 682 et
1145 623 1277 684 maxime

318 712 509 790 philosophia
531 711 696 783 delectavit,
721 722 822 771 tamen
852 711 910 772 hoc
941 710 1070 771 studium
1097 710 1209 772 cotidie
1233 713 1277 772 in·

318 801 470 880 gravescit,
496 802 594 874 cred0,
629 812 659 859 et
681 799 784 860 aetatis
814 799 982 860 maturitate
1013 801 1052 859 ad
1085 801 1277 878 prudentiam

318 902 348 951 et
370 890 405 950 iis
427 901 594 968 temporum
618 887 705 963 vitiis,
726 898 759 948 ut
782 891 863 948 nulla
877 909 924 948 res
946 887 1004 947 alia
1016 892 1117 949 levare
1141 889 1278 951 animum

316 979 460 1040 molestiis
483 977 586 1056 possit.
633 982 660 1038 A
684 997 745 1054 qno
768 975 867 1038 studio
889 990 920 1038 te
943 978 1051 1038 abduci
1074 978 1203 1056 negotiis
1234 979 1277 1040 in·

252 1070 291 1145 65
317 1072 426 1146 rellego
450 1089 486 1128 ex
510 1068 567 1128 tuis
596 1067 709 1141 litteris,
733 1069 785 1127 sed
809 1077 910 1126 tamen
941 1067 1054 1145 aliquid
1084 1068 1144 1127 iam
1172 1079 1278 1130 noctes

318 1168 348 1217 te
372 1157 568 1218 adiuvabnnt.

362 1245 481 1307 Servius
509 1256 577 1306 tuns
608 1247 656 1305 vel
690 1244 789 1322 potius
817 1254 916 1305 noster
950 1265 1065 1304 summa
1095 1265 1145 1305 me
1174 1248 1279 1306 obser·

316 1335 417 1396 vantia
438 1335 529 1410 colit;
568 1333 651 1395 euius
667 1353 723 1411 ego
746 1333 912 1394 cumomni
932 1335 1081 1412 probitate
1099 1353 1279 1413 summaque

317 1425 425 1484 virtute
456 1435 521 1484 turn
551 1423 656 1484 studiis
686 1421 880 1500 doctrinaque
912 1424 1053 1484 delector.
1100 1426 1128 1483 Is
1156 1445 1280 1486 mecum

254 1527 293 1587 70
317 1533 406 1591 saepe
441 1515 479 1573 de
512 1523 563 1572 tua
593 1511 747 1572 mansione
776 1523 827 1572 aut
857 1512 1031 1572 decessione
1062 1513 1280 1574 communicat.

317 1604 428 1662 Adhuc
450 1601 481 1660 in
503 1603 560 1662 hac
589 1621 655 1661 sum
677 1600 831 1672 sententia,
865 1599 940 1660 nihil
971 1612 1004 1661 ut
1034 1600 1186 1676 faciamus,
1222 1601 1281 1662 nisi

317 1692 399 1768 quod
429 1690 557 1750 maxime
587 1691 696 1750 Caesar
725 1691 802 1749 velle
832 1689 976 1750 videatur.
1023 1693 1084 1750 Res
1107 1702 1177 1750 sunt
1214 1691 1280 1752 eius

315 1779 408 1854 modi,
426 1792 468 1851 nt,
493 1778 517 1838 si
540 1781 655 1840 Rornae
678 1779 725 1851 sis,
744 1777 818 1837 nihil
842 1787 1010 1856 repraeter
1033 1788 1101 1838 tuos
1124 1781 1279 1841 delectare

316 1869 420 1946 possit.
462 1872 509 1928 De
525 1868 644 1945 reliquis
659 1867 733 1927 nihil
749 1866 855 1927 melius
871 1866 936 1945 ipso
952 1877 997 1927 est
1013 1869 1149 1941 Caesare,
1175 1880 1280 1930 cetera

247 1969 268 2029 ’7
274 1969 290 2031 5
316 1967 386 2018 sunt
401 1957 463 2017 eius
478 1957 570 2031 modi,
587 1967 629 2030 ut,
650 1955 674 2015 si
696 1959 820 2016 alterurn
838 1966 937 2016 utrum
953 1975 1074 2032 necesse
1097 1956 1143 2031 sit,
1168 1959 1278 2019 audire

316 2066 351 2105 ea
374 2045 458 2106 malis
480 2065 570 2122 quarn
593 2045 704 2105 videre.
751 2048 821 2105 Hoc
842 2056 976 2105 nostrum
1004 2045 1160 2105 consilium
1185 2048 1278 2109 nobis

927 2176 939 2201 ἱ

356 2381 397 2447 58.
416 2383 461 2430 lanc
478 2381 589 2446 faciam,
609 2377 664 2429 aiod
686 2379 711 2429 di
732 2387 766 2430 ta-
857 2392 898 2443 73,
918 2383 942 2429 si
954 2384 1047 2431 Romae
1061 2384 1110 2431 sis:
1123 2398 1150 2432 se
1170 2391 1198 2432 tu
1214 2383 1281 2433 fossi

315 2470 372 2504 cere
391 2468 472 2503 enon
487 2451 765 2515 intrometterminegli
821 2451 846 2500 in
872 2453 971 2510 Roma3
997 2453 1092 2518 protasi
1117 2453 1144 2502 di
1167 2455 1279 2519 periodo

316 2525 385 2575 affari
401 2525 469 2574 dello
481 2532 554 2574 stato.
569 2551 599 2559 -
614 2525 708 2572 modice
720 2530 768 2571 ant
820 2523 941 2589 ipotetico
957 2524 1025 2573 della
1043 2521 1195 2590 possibilitd,
1210 2542 1241 2575 se
1258 2528 1281 2575 si

312 2600 390 2646 etiam
408 2598 481 2645 intra
500 2597 617 2644 aradum:
635 2594 702 2644 colla
720 2595 765 2642 do·
820 2594 951 2643 considera
959 2604 1049 2660 questa
1059 2596 1242 2661 proposizione
1252 2598 1280 2647 in

314 2675 374 2716 vuta
399 2668 575 2716 moderazione
595 2683 610 2715 o
635 2667 714 2716 anche
740 2664 765 2713 al
820 2672 939 2730 rapporto
959 2667 1016 2715 coll'
1026 2667 1083 2718 idea
1097 2667 1143 2716 che
1156 2666 1279 2732 Sulpicio

315 2739 341 2787 di
360 2745 426 2788 sotto
445 2739 470 2787 di
483 2734 606 2803 quantod
622 2735 764 2787 consentito
819 2737 903 2786 debba
921 2737 1046 2788 rimanere
1066 2738 1209 2788 nell’Acaia
1229 2757 1279 2804 per

314 2809 382 2857 dalla
399 2809 583 2859 moderazione.
819 2807 857 2856 sar
869 2807 969 2872 piacere
987 2825 1002 2856 a
1015 2808 1116 2860 Cesare.
1136 2808 1169 2858 Se
1182 2808 1278 2862 invece

351 2879 392 2927 61.
411 2880 580 2944 ingravescit:
598 2880 701 2929 diventa
719 2875 764 2944 piri
819 2879 843 2927 la
855 2878 877 2926 si
896 2880 1027 2929 considera
1040 2880 1228 2945 indipendente
1244 2883 1280 2932 da

314 2949 420 2999 fervido.
818 2950 868 2998 tale
889 2949 953 3009 idea,
980 2951 1060 3001 allora
1084 2946 1098 2999 ὲ
1124 2951 1221 3016 protasi
1250 2954 1279 3002 di

351 3019 393 3069 62.
423 3021 514 3068 aetatis
545 3023 694 3072 maturitate
731 3023 768 3069 ad
818 3021 923 3086 periodo
943 3022 1065 3086 ipotetico
1091 3023 1160 3072 della
1184 3021 1278 3084 realta,

309 3091 494 3156 prudentiam:
513 3107 558 3156 per
576 3091 643 3142 l‘eta
666 3101 765 3142 matura
818 3093 991 3142 etradurrai:
1017 3093 1107 3143 stando
1126 3094 1153 3142 in
1178 3095 1279 3145 Roma.

314 3168 459 3227 opportuna
476 3161 527 3210 alla
546 3163 653 3213 scienza.
818 3164 849 3212 In
868 3171 957 3228 questo
977 3180 1036 3214 caso
1061 3165 1080 3212 il
1104 3165 1279 3229 congiuntivo

352 3233 393 3294 67.
410 3233 516 3281 Servius
535 3241 604 3284 tuns.
623 3233 765 3286 Consronta
819 3229 833 3282 ὲ
852 3241 924 3283 usato
946 3232 1038 3300 perchd
1057 3235 1076 3284 il
1100 3251 1227 3301 pronome
1248 3237 1279 3288 di

314 3303 410 3364 XXVI,
431 3302 473 3364 64.
818 3305 927 3354 soconda
952 3323 1061 3371 persona
1081 3307 1115 3355 ha
1141 3323 1176 3356 un
1195 3322 1278 3358 senso

351 3386 392 3437 70.
416 3377 446 3424 de
469 3382 514 3424 tua
534 3377 672 3435 mansione,
696 3378 763 3427 nella
818 3377 936 3440 generale
950 3378 1152 3429 indeterminato.
1166 3376 1220 3428 Cf.
1237 3379 1280 3431 M.

313 3446 443 3511 provincia
461 3445 606 3498 dell'Acaia.
620 3446 670 3496 Nel
685 3449 765 3512 signi·
818 3458 878 3511 325.

314 3517 388 3567 ficato
407 3519 433 3567 di
454 3538 465 3562 α
487 3517 645 3582 consigliarsi
667 3538 678 3561 ι
700 3537 764 3568 com·
854 3530 895 3581 74.
918 3521 958 3568 De
977 3520 1101 3583 reliquis:
1130 3519 1172 3569 del
1192 3527 1274 3572 resto.

313 3589 446 3639 manicare
464 3589 539 3639 vuole
558 3589 652 3639 all’abl.
675 3591 715 3640 col
735 3592 765 3640 dn
818 3615 852 3624 -
871 3591 944 3641 nilzil.
964 3591 1016 3641 Cfr.
1038 3590 1079 3640 28.

312 3659 333 3707 il
352 3675 427 3711 nome
445 3661 513 3711 della
532 3676 598 3710 cosa.
