2788 4286
287 341 346 378 110

622 337 657 380 M.
681 334 710 378 Τ.
734 333 898 378 CICERONIS

217 480 255 542 25
281 482 344 522 nou
367 473 399 523 tu
415 462 537 540 quidem
560 483 670 525 vacuus
684 460 835 535 molestiis,
853 463 906 522 sed
929 480 999 540 prae
1015 461 1104 522 nobis
1119 465 1246 527 beatus.

283 555 384 628 Atque
407 555 466 614 hoc
487 553 552 631 ipso
574 552 680 613 melior
702 561 746 611 est
770 563 820 612 tua
842 571 932 628 quam
962 560 1063 610 nostra
1090 552 1246 625 condici0,

282 642 364 716 quod
388 651 428 714 tu,
446 643 520 718 quid
543 643 650 713 doleat,
668 639 795 701 scribere
810 642 912 714 audes,
937 660 991 700 nos
1007 659 1045 698 ne
1062 640 1095 699 id
1115 640 1251 717 quidem

282 738 348 789 tuto
371 750 537 808 possumus,
564 749 621 792 nee
642 729 673 790 id
696 728 815 789 victoris
843 729 926 802 vitio,
950 748 1010 805 quo
1039 729 1113 789 nihil
1136 731 1251 790 mode·

282 819 382 892 ratius,
407 821 459 879 sed
482 819 574 897 ipsius
597 817 744 889 victoriae,
763 837 839 895 quae
856 818 990 878 civilibus
1009 818 1096 878 bellis
1119 838 1254 896 semper·

207 925 249 981 30
275 920 321 970 est
344 909 485 968 insolens.

324 1000 395 1058 Uno
417 1006 447 1056 te
469 995 602 1071 vicimus,
627 997 709 1072 quod
733 997 771 1056 de
794 995 938 1070 Marcelli,
963 998 1093 1073 collegae
1117 995 1171 1070 tui,
1198 1016 1246 1056 sa·

278 1091 341 1147 lute
365 1089 455 1164 paulo
477 1095 546 1146 ante
568 1105 659 1162 quam
682 1096 715 1145 tu
732 1085 935 1163 cognovimus,
960 1084 1048 1144 ctiam
1065 1087 1245 1146 mehercule

280 1176 371 1252 quod,
396 1194 485 1252 quem
501 1176 680 1235 admodum
696 1193 732 1234 ea
749 1193 796 1234 res
810 1185 954 1250 ageretur,
979 1172 1117 1234 vidimus
1158 1177 1243 1234 Nam

279 1265 389 1326 siclae
413 1264 569 1336 existimes
601 1273 669 1341 post
691 1264 745 1322 has
776 1261 916 1338 miserias,
940 1262 972 1323 id
1003 1273 1047 1323 est
1077 1272 1249 1341 postquam

211 1364 253 1426 35
279 1353 368 1413 armis
391 1352 549 1431 disceptari
568 1363 707 1430 coeptum
724 1351 762 1411 sit
783 1353 822 1412 de
837 1349 900 1412 iure
924 1351 1054 1429 publico,
1081 1350 1155 1411 nihil
1172 1371 1244 1413 esse

278 1453 378 1504 actum
402 1442 483 1502 aliud
506 1461 574 1502 cum
597 1440 751 1518 dignitate.
793 1442 871 1500 Nam
895 1451 926 1500 et
940 1439 1003 1519 ipse
1019 1443 1130 1501 Caesar
1153 1460 1242 1502 accu-

278 1542 341 1591 sata
366 1531 565 1591 ‘acerbitate'
589 1531 723 1590 Marcelli
747 1527 801 1608 (sic
824 1529 903 1588 enim
926 1527 1109 1607 appellabat)
1134 1531 1244 1589 lauda-

277 1631 367 1696 taque
390 1618 686 1680 honorificentissime
710 1628 740 1678 et
765 1617 915 1694 aequitate
937 1628 988 1679 tua
1014 1629 1045 1677 et
1067 1618 1241 1695 prudentia,

277 1718 400 1785 repente
423 1718 539 1786 praeter
561 1727 645 1785 spem
668 1705 743 1767 dixit
765 1726 797 1768 se
820 1707 934 1768 senatui
956 1706 1072 1784 roganti
1094 1707 1133 1767 de
1158 1710 1243 1767 Mar-

210 1810 253 1862 40
277 1799 352 1859 cello
384 1817 422 1856 ne
455 1795 563 1857 ominis
597 1796 719 1872 quidem
753 1815 841 1857 causa
874 1806 1060 1873 negaturum.
1111 1798 1243 1857 Fecerat

276 1896 376 1946 autem
400 1887 457 1947 hoc
480 1897 606 1958 senatus,
632 1895 673 1959 ut,
698 1905 767 1946 cum
790 1905 808 1944 a
832 1887 866 1944 L.
889 1883 996 1946 Pisone
1020 1885 1133 1944 mentio
1157 1896 1243 1945 esset

277 1977 353 2035 facta
376 1977 414 2034 de
438 1978 482 2035 M.
506 1975 658 2048 Marcello,
683 1984 712 2033 et
734 1975 770 2035 C.
794 1975 953 2034 Marcellus
976 1992 1007 2033 se
1030 1975 1070 2033 ad
1099 1974 1247 2034 Caesaris·

278 2185 463 2250 congiuntivol
486 2187 545 2249 Ipse
570 2186 591 2234 si
617 2184 730 2234 riferisce

248 2301 251 2312 ,
277 2257 463 2307 naturalmentc
482 2273 497 2305 a
515 2258 613 2320 cuique.
634 2283 666 2291 —
686 2265 728 2306 et:

275 2329 364 2379 anche.

313 2411 355 2464 25.
374 2416 480 2460 vacuus,
494 2406 552 2448 sott.
571 2400 677 2458 videris,
697 2400 729 2448 da

275 2474 372 2522 videor.

313 2554 354 2605 27.
369 2544 435 2606 quid
446 2542 546 2590 doleat:
566 2542 612 2592 che
631 2557 689 2591 cosa
708 2542 728 2592 ti

276 2615 344 2664 rechi
363 2613 458 2662 dolore.

312 2684 353 2734 28.
373 2685 477 2732 victoris
495 2686 573 2733 vitio:
591 2701 637 2749 per
653 2685 727 2749 colpa

276 2757 318 2805 del
342 2756 471 2814 vincitore‚
498 2751 553 2804 eice
576 2755 601 2804 di
626 2754 725 2805 Cesare.

276 2852 309 2862 -
337 2843 387 2890 quo
412 2826 481 2874 nihil
503 2828 676 2876 moderatius:
700 2828 726 2876 di

275 2898 317 2946 cui
337 2911 389 2945 non
402 2895 457 2944 avvi
476 2912 585 2961 persona
596 2893 641 2963 piir
662 2905 725 2948 tem-

275 2975 368 3033 perata.
397 2967 476 3015 Nihil
497 2969 539 3017 nei
565 2969 686 3033 paragorii
711 2965 725 3017 ὲ

275 3039 326 3088 alle
352 3038 420 3087 volte
446 3038 542 3087 riferito
569 3056 583 3088 a
607 3055 724 3105 persona.

275 3109 327 3162 Cfr.
348 3109 373 3158 S.
392 3109 422 3158 L.
443 3110 474 3159 G.
493 3110 539 3172 111,
557 3108 598 3169 82,
622 3124 642 3159 1.
663 3110 723 3162 Cosl

275 3182 420 3245 quicquam.
442 3179 494 3230 Ch.
514 3180 572 3241 XX,
596 3194 633 3230 10.

312 3263 353 3314 31.
377 3251 453 3300 Uero:
478 3251 504 3300 in
524 3266 574 3301 una
599 3253 637 3301 sol
657 3269 723 3303 cosa.

274 3349 308 3357 —
334 3323 363 3369 dc
388 3323 516 3380 Marcelli,
545 3324 652 3388 collegae
676 3327 722 3384 tui,

274 3394 364 3442 salute.
379 3392 430 3444 Csr.
444 3394 541 3454 XXIII,
552 3392 593 3457 (¹).
608 3395 643 3442 M.
657 3396 723 3443 Mar·

274 3465 340 3514 cello
353 3480 395 3513 era
408 3473 472 3516 stato
485 3465 589 3515 console
603 3480 651 3514 con
670 3465 723 3515 Ser.

274 3535 389 3601 Sulpicio
407 3537 450 3586 nel
470 3548 512 3601 51.

311 3620 352 3669 32.
377 3609 451 3656 etlam
476 3608 616 3656 mehercule
641 3608 723 3671 quod:

274 3677 368 3727 inoltre
387 3685 455 3728 certo
475 3695 520 3743 per
539 3687 629 3742 questo
649 3680 704 3728 che.

822 2199 863 2252 33.
877 2202 905 2234 ea
919 2201 960 2234 res
972 2193 1108 2251 ageretur:
1120 2185 1143 2234 si
1160 2185 1251 2236 tratti>

784 2265 876 2323 questo
895 2257 979 2307 affare.

819 2341 861 2392 34.
873 2329 924 2391 fac
936 2329 1078 2378 existimes:
1094 2329 1241 2392 persuadit}-

782 2399 857 2448 bene.
884 2426 915 2435 —
930 2407 1095 2463 postquam...
1119 2408 1246 2464 coeptum·

782 2471 831 2519 sit:
849 2466 965 2535 dopoche
978 2470 998 2520 si
1018 2467 1153 2519 comincid.
1172 2472 1239 2520 Per·

782 2536 829 2591 che
847 2541 866 2589 il
885 2540 1068 2605 congiuntivo?

818 2623 859 2676 35.
879 2613 970 2663 nihil...
983 2612 1066 2671 aliud,
1085 2612 1127 2661 all'
1138 2611 1239 2662 infuori

781 2684 823 2732 del
845 2684 959 2749 perdono
984 2698 1138 2733 concessoa
1163 2684 1243 2732 Mar--

781 2755 857 2805 cello.

816 2837 858 2888 37.
878 2827 1014 2874 acerbitate
1027 2824 1163 2874 Marcelli:
1183 2823 1200 2872 1¹
1208 2841 1239 2873 a·

780 2912 880 2962 sprezza
902 2896 928 2944 di
950 2897 1080 2955 Marcello,
1100 2895 1119 2944 il
1144 2895 1243 2960 quale,

781 2968 886 3018 essendo
905 2967 1017 3028 console,
1037 2983 1085 3016 con
1103 2981 1166 3030 gran
1192 2981 1236 3015 ca·

779 3039 833 3088 lore
851 3045 977 3098 sostenne,
998 3038 1036 3087 fra
1049 3039 1074 3088 le
1090 3037 1154 3087 altre
1172 3053 1236 3102 pro-

778 3117 851 3175 poste
879 3117 967 3159 contro
995 3109 1095 3171 Cesare,
1123 3109 1170 3157 che
1195 3109 1236 3172 gli

778 3181 799 3230 si
819 3181 951 3230 mandasse
970 3197 1006 3230 un
1024 3194 1175 3230 successore.

815 3265 856 3314 39.
869 3255 973 3301 senatui
990 3253 1095 3317 roganti
1112 3251 1141 3298 de
1153 3248 1233 3297 Mar·

778 3323 852 3372 cello:
871 3322 921 3372 alle
935 3324 1067 3388 preghiere
1080 3321 1122 3371 del
1135 3320 1243 3369 Senato

777 3394 804 3442 iu
823 3393 910 3444 favore
929 3394 956 3442 di
974 3392 1103 3444 Marcello.

813 3478 856 3528 41.
881 3466 912 3514 L.
938 3467 1050 3516 Pisone:
1078 3465 1108 3513 L.
1137 3462 1236 3512 Pisone

778 3550 884 3586 suocero
902 3536 928 3584 di
948 3536 1047 3587 Cesare.
1265 3581 1268 3586 .

813 3621 855 3668 42.
873 3607 899 3656 C.
914 3608 1066 3657 Marcellus.
1086 3604 1238 3655 Conlronta

778 3676 875 3738 XXIII,
897 3679 939 3739 64.
