2786 4280
389 1688 414 1746 I.
439 1683 496 1764 (ad
515 1687 646 1748 Atticum
668 1689 705 1762 II,
734 1687 796 1768 21).

142 1848 180 1896 In
199 1851 288 1911 questa
305 1844 402 1906 lettera,
417 1845 502 1894 scritta
520 1861 535 1894 a
549 1845 632 1896 Roma
644 1846 730 1896 l’anno
749 1846 799 1911 695
819 1844 877 1912 (59)
895 1862 968 1898 verso
980 1846 1005 1896 la
1018 1845 1069 1900 fine

101 1917 134 1966 di
153 1916 249 1980 lnglio,
268 1915 321 1964 Cic.
340 1917 411 1982 parla
430 1915 498 1966 della
515 1916 659 1966 tristissima
677 1915 833 1978 condiz'ione,
850 1918 878 1967 in
896 1917 937 1967 cui
955 1933 1026 1968 versa
1043 1918 1070 1970 la

105 1987 263 2054 repnbblica
281 2003 296 2036 e
313 1987 356 2038 del
368 1987 481 2054 pericolo
500 1986 631 2052 maggiore
643 1988 689 2039 che
702 1987 727 2038 le
740 1995 851 2038 sovrasta
861 2003 868 2048 ;
880 1989 1009 2054 aggiunge
1022 1989 1069 2041 che

106 2060 228 2124 Pompeo
246 2058 279 2108 ha
297 2058 404 2124 perdnto
422 2058 484 2122 ogni
502 2058 632 2124 prestigio,
652 2066 750 2110 mentre
771 2057 872 2120 Bibulo,
892 2075 937 2125 per
959 2060 985 2109 lo
1003 2067 1068 2111 stato

108 2135 234 2194 presente
246 2128 313 2182 delle
327 2144 392 2190 cose,
407 2124 422 2178 ὲ
435 2130 461 2178 in
473 2144 555 2194 auge;
574 2144 686 2181 accenna
698 2131 723 2180 ai
734 2129 848 2196 pericoli,
860 2131 926 2180 acui
940 2127 954 2180 ὲ
967 2136 1069 2198 esposto

103 2201 162 2266 egli
184 2206 264 2250 stesso
283 2215 329 2266 per
346 2201 371 2250 la
389 2200 526 2250 inimicizie
543 2200 570 2249 di
588 2199 688 2250 Clodio.
1029 2218 1031 2223 ·

378 2412 507 2466 cronno
525 2413 659 2468 Arrrco
677 2415 750 2466 sni..
770 2413 803 2482 (¹)

151 2563 203 2621 De
224 2579 256 2620 re
277 2559 397 2640 publica
419 2557 492 2638 quid
515 2579 571 2638 ego
594 2560 650 2622 tibi
672 2559 841 2622 subtiliter?
877 2563 955 2621 Tota
977 2559 1067 2640 periit

99 2663 202 2728 ¹atque
223 2652 282 2712 hoc
304 2661 348 2711 est
369 2647 512 2721 miserior,
536 2668 626 2726 quam
647 2649 801 2727 reliquisti,
827 2650 910 2728 quod
939 2660 1003 2710 tum
1026 2649 1068 2710 vi·

105 2742 240 2802 debatur
263 2739 325 2801 eius
339 2736 422 2800 modi
437 2735 602 2801 dominatio
617 2736 767 2802 civitatem
783 2733 973 2817 oppressisse,
990 2757 1068 2817 quae

144 2931 183 2999 (Ἰ
193 2933 253 2984 Tito
266 2933 409 3000 Pomponio
421 2933 507 2983 Attico
517 2949 561 2984 na·
614 2938 700 2983 mente
725 2929 857 2992 Cicerone,
876 2932 919 2983 del
945 2933 1021 2999 quale
1039 2931 1068 2985 fu

100 3013 133 3056 to
147 3003 197 3054 nel
212 3016 259 3067 109
278 3022 301 3054 a.
315 3003 344 3055 C.
360 3004 511 3054 discendeva
528 3004 561 3054 dn
614 3004 713 3053 intimo.
732 3001 800 3054 Mori
819 3010 926 3054 onorato
948 3004 990 3054 dai
1009 3018 1071 3054 con·

104 3077 198 3126 antica
207 3075 320 3140 samiglia
336 3091 441 3126 romana
457 3075 558 3126 dell¹or·
615 3074 781 3140 temporanei,
808 3075 851 3125 nel
877 3089 911 3140 32
937 3092 960 3126 a.
985 3073 1014 3126 C.
1040 3075 1072 3130 in

104 3149 172 3198 dine
188 3146 229 3196 dei
246 3146 370 3197 cavalieri.
391 3147 464 3196 Ebbe
482 3147 502 3196 il
520 3163 560 3196 so·
615 3141 654 3196 eti
675 3146 700 3194 di
720 3156 752 3209 77
773 3147 842 3196 anni.

104 3232 254 3284 prannome
261 3219 286 3269 di
292 3217 379 3267 Attico
386 3233 432 3284 per
438 3233 505 3268 esser
512 3218 559 3270 vis-
652 3229 675 3270 1.
691 3216 755 3268 Sott.
769 3218 886 3270 scribam.
899 3216 1010 3267 L'ellissi
1023 3215 1067 3272 del

105 3293 169 3339 suto
183 3287 274 3354 lunghi
283 3288 344 3338 anni
357 3289 389 3338 ad
402 3291 484 3339 Atene
496 3289 560 3338 dove
613 3289 692 3337 verbo
722 3283 737 3336 e
760 3287 894 3354 frequente
918 3288 961 3338 nel
984 3286 1070 3353 parler

105 3362 127 3411 si
140 3358 225 3410 diede
239 3360 289 3425 agli
302 3359 378 3423 studi,
393 3359 560 3410 sottraendosi
614 3358 739 3409 familiare
749 3375 764 3409 e
775 3359 843 3412 nelle
854 3358 1068 3424 domandebrevi.

99 3430 162 3482 *cosi
191 3429 242 3481 aile
264 3431 328 3482 lotte
353 3431 380 3480 di
405 3437 484 3496 parte.
511 3431 561 3480 Dei
614 3428 666 3479 Csr.
687 3429 713 3481 S.
731 3431 760 3480 F.
780 3428 822 3493 83,
841 3446 864 3480 a.
883 3447 909 3492 a,
928 3426 955 3496 β,

105 3502 171 3554 beni
197 3501 311 3552 erediteti
334 3502 367 3552 da
390 3517 437 3552 suo
461 3502 501 3551 zio
528 3501 560 3554 T.
651 3514 675 3565 3.
695 3517 760 3566 quae
778 3501 892 3550 iucunda
911 3508 981 3551 esset.
1005 3501 1068 3550 Pro·

105 3573 215 3624 Cecilio
231 3569 275 3623 uso
293 3573 322 3623 in
345 3574 433 3623 buona
456 3578 562 3639 partes
614 3567 744 3637 posizi‘one
764 3566 941 3624 consecutiva:
964 3572 1011 3622 che
1029 3569 1068 3620 al·

103 3642 246 3696 sovvenire
274 3643 312 3710 gli
341 3644 424 3706 amici,
456 3643 562 3710 special·
616 3658 692 3694 meno
711 3643 832 3710 piaceva.
