2788 4286
328 305 388 380 138

662 317 696 362 M.
720 317 750 360 Τ.
774 313 938 358 CICERONIS

324 445 383 506 iarn
406 463 579 523 oppressum
603 462 708 504 omnes
736 441 955 515 arbitrarentur,
987 452 1017 502 te
1039 453 1139 503 autem
1172 441 1205 504 in
1228 447 1285 504 Ita-

323 534 394 594 liam
417 532 518 593 venire
541 552 609 593 cum
626 531 755 591 exercitu
765 549 772 602 ;
805 541 844 604 ut,
863 530 886 590 si
903 533 977 592 haec
992 551 1028 591 ex
1047 533 1196 593 sententia
1212 553 1284 595 con·

324 625 401 684 fecta
427 632 534 697 essent,
566 619 690 682 consilio
718 629 806 697 atque
836 619 1009 681 auctoritate
1037 630 1096 693 tua,
1129 622 1176 682 sin
1208 621 1284 700 quid

257 733 296 790 r5
324 714 400 773 forte
423 710 591 783 titubatum,
617 719 651 769 ut
672 710 706 768 fit
726 708 757 768 in
780 710 869 783 bello,
894 709 1023 770 exercitu
1038 720 1092 770 tuo
1107 710 1283 772 niteremur.

324 802 423 877 Quem
447 799 569 878 quidem
600 818 655 877 ego
683 795 854 873 exercitum,
885 796 1123 874 quibuscumque
1153 809 1283 877 potuero

323 892 419 964 rebus,
444 889 574 962 ornabo;
611 886 694 948 cuius
717 885 759 945 rei
781 895 846 946 tum
869 896 985 964 tempus
1009 885 1073 961 erit,
1098 907 1177 962 cum,
1208 888 1284 965 quid

323 977 388 1056 opis
409 976 453 1039 rei
475 997 507 1055 p.
528 979 639 1036 laturus
661 975 686 1035 is
708 974 852 1036 exercitus
876 974 913 1035 sit
928 985 980 1035 aut
995 975 1069 1054 quid
1093 976 1152 1035 iarn
1169 977 1283 1052 tulerit,

323 1077 428 1128 notum
452 1085 516 1126 esse
538 1064 686 1143 coeperit:
724 1083 794 1123 nam
816 1064 915 1125 adhuc
938 1075 1052 1124 tantum
1084 1076 1211 1126 conatus
1234 1085 1285 1126 au·

259 1179 300 1216 ao
325 1154 453 1228 diuntur,
478 1153 583 1232 optimi
605 1152 648 1212 illi
671 1151 794 1229 quidem
818 1162 848 1213 et
869 1152 1102 1230 praeclarissimi,
1128 1156 1183 1214 sed
1199 1165 1285 1232 gesta

323 1263 370 1304 res
394 1253 589 1322 exspectatur,
613 1261 702 1320 quam
732 1241 854 1318 quidem
885 1251 937 1302 aut
965 1242 1024 1302 iam
1054 1262 1119 1302 esse
1149 1243 1285 1321 aliquam

323 1342 374 1394 aut
399 1331 637 1411 appropinquare
661 1331 790 1392 confido.
836 1333 902 1389 Tua
924 1329 1040 1406 virtute,
1073 1331 1285 1408 magnitudine

323 1421 415 1482 animi
442 1421 516 1482 nihil
547 1431 592 1480 est
620 1418 760 1480 nobilius.
812 1421 916 1498 Itaque
946 1430 1092 1498 optamus,
1125 1430 1160 1480 ut
1190 1439 1286 1498 quam

323 1511 453 1589 primurn
476 1521 505 1570 te
529 1509 560 1568 in
575 1507 659 1569 Italia
681 1508 844 1568 videamus.
891 1511 969 1568 Rem
992 1530 1024 1586 p.
1038 1528 1094 1568 nos
1111 1511 1226 1570 habere
1241 1531 1287 1570 ar·

256 1621 299 1676 25
324 1598 508 1671 bitrabimur,
542 1599 566 1657 si
592 1617 645 1657 vos
679 1596 864 1658 habebimus.
918 1600 1070 1658 Praeclare
1105 1598 1285 1672 viceramus,

321 1687 378 1749 nisi
400 1687 567 1766 spoliatum,
590 1685 743 1760 inermem,
764 1686 926 1763 fugientem
960 1686 1092 1765 Lepidus
1121 1686 1288 1766 recepisset

323 1776 499 1838 Antonium.
544 1779 647 1852 Itaque
670 1795 834 1852 numquam
856 1784 939 1836 tanto
963 1775 1033 1837 odio
1056 1774 1168 1836 civitati
1187 1779 1287 1838 Anto

324 1866 391 1927 nius
413 1865 476 1939 fuit,
502 1875 614 1942 quanto
637 1874 682 1924 est
704 1863 853 1941 Lepidus:
889 1863 938 1925 ille
961 1863 1042 1924 enirn
1057 1884 1094 1924 ex
1109 1866 1288 1926 turbulenta

325 1974 356 2016 re
379 1977 421 2034 p.,
445 1954 495 2015 hic
517 1973 553 2014 ex
576 1973 649 2031 pace
673 1964 703 2012 et
725 1952 848 2014 victoria
870 1956 984 2014 bellum
1007 1952 1153 2014 excitavit.
1201 1954 1288 2016 Huic

362 2251 400 2301 13.
420 2236 497 2286 laec:
521 2235 547 2283 la
570 2251 662 2299 guerra
685 2241 773 2284 contro

322 2309 444 2358 Antonio.
463 2333 496 2342 -
516 2323 548 2355 ex
566 2307 709 2356 sententia:
733 2323 773 2356 se·

322 2380 405 2430 condo
423 2379 442 2428 il
460 2385 547 2428 nostro
568 2377 702 2427 desiderio.

361 2464 401 2512 14.
421 2451 528 2515 quid...
547 2450 694 2506 titubatum,
715 2455 772 2498 sotl.

320 2531 404 2573 essct:
422 2522 443 2571 si
462 2521 530 2570 fosse
554 2520 676 2585 alquanto
698 2518 772 2567 vacil-

322 2593 383 2643 lato.
413 2593 481 2641 Nota
511 2593 527 2640 l’
538 2590 681 2639 accusativo
711 2590 778 2654 quid

323 2685 358 2706 π
376 2664 480 2728 aliquid
494 2663 566 2711 unito
584 2661 625 2709 col
641 2661 718 2710 verbo
736 2661 774 2708 in·

323 2735 454 2784 transitivo
482 2750 528 2800 per
554 2747 692 2783 accennare
722 2747 774 2780 non

323 2807 340 2855 1¹
349 2813 452 2870 oggetto
462 2804 618 2866 dell'azione,
632 2819 674 2852 ma
690 2802 716 2851 la
729 2817 774 2851 sua

320 2877 474 2926 estensione.
494 2875 546 2925 Cfr.
565 2875 601 2924 M.
625 2883 681 2938 195,
705 2887 726 2922 r.

362 2958 401 3009 ¹7,
413 2949 518 2996 ornabo:
532 2941 648 2996 favorirb.
658 2972 688 2980 —
701 2946 773 2993 cuius

323 3019 363 3066 rei
380 3024 433 3066 tum
453 3024 551 3083 tempus
570 3017 635 3066 erit:
660 3032 674 3066 e
693 3016 719 3064 di
738 3017 775 3065 lar

319 3084 364 3136 cib
383 3084 436 3136 sard
460 3095 546 3154 tempo
571 3093 716 3153 opportuno
741 3086 776 3135 al·

322 3159 385 3209 lora.

361 3227 401 3279 18.
421 3238 480 3280 aut:
502 3246 518 3279 ο
536 3230 668 3296 piuttosto.

363 3315 402 3364 19.
422 3308 523 3350 tontum
534 3320 543 3349 :
562 3300 680 3350 soltanto.

360 3384 402 3421 21.
429 3379 478 3421 aut
502 3373 554 3421 r'am
582 3386 633 3421 esse
659 3371 774 3435 aliquam

318 3452 372 3494 out
395 3445 624 3510 appropinquare:
642 3457 658 3490 o
670 3442 717 3491 che
738 3443 776 3491 sia

324 3523 449 3566 avvenuto
469 3530 484 3562 ο
503 3515 549 3563 che
562 3513 599 3563 sia
615 3513 773 3563 imminente.

321 3587 375 3649 Qui
390 3587 486 3652 confido
502 3601 555 3634 non
568 3599 644 3649 regge
657 3584 675 3633 il
688 3583 775 3633 futuro

321 3656 423 3706 infinito
436 3652 527 3722 perche
540 3656 646 3706 l'azione
657 3655 775 3719 riguarda

828 2235 847 2284 il
874 2241 1007 2300 presente;
1038 2229 1124 2300 percib
1156 2235 1288 2286 traducilo

830 2326 841 2350 ι
863 2306 938 2354 credo
960 2324 982 2354 ι.

865 2386 905 2440 25.
920 2377 1059 2425 Praeclare
1076 2377 1240 2426 viceramus:
1259 2395 1288 2426 a·

828 2463 933 2498 vevamo
954 2447 1040 2497 bell'e
1066 2447 1144 2497 vinto.
1167 2447 1240 2498 Nota
1266 2450 1289 2498 il

828 2519 1045 2584 piucchepersetto
1064 2518 1200 2568 indicativo
1227 2520 1287 2570 nel·

827 2591 843 2638 l'
855 2591 961 2654 apodosr'
977 2589 1003 2638 di
1021 2606 1058 2639 un
1075 2589 1180 2655 periodo
1198 2589 1288 2655 ipote-

828 2661 879 2710 tico
898 2661 924 2709 di
943 2667 1010 2710 terzo
1029 2661 1090 2726 tipo,
1105 2677 1151 2726 per
1168 2661 1288 2711 indicare

828 2747 877 2782 con
896 2731 978 2781 enfasi
997 2733 1104 2782 retorica
1121 2747 1193 2781 come
1216 2733 1289 2782 real-

828 2809 913 2852 mente
934 2810 1060 2853 avvenuto
1085 2818 1120 2852 un
1145 2802 1209 2852 fatto
1235 2804 1288 2854 che

828 2874 934 2924 sarebbe
970 2881 1095 2924 awenuto
1126 2881 1192 2924 sotto
1231 2889 1290 2924 una

828 2953 896 2994 certa
914 2945 1070 2995 condizione.
1090 2944 1144 2995 Cl'r.
1163 2945 1198 2994 M.
1220 2946 1287 3008 306.

864 3015 906 3064 26.
925 3017 1062 3081 spoliatum
1081 3030 1132 3066 ecc.
1158 3015 1239 3080 Dopo
1258 3016 1289 3067 la

830 3085 947 3136 sconfitta
960 3094 1056 3137 toccata
1069 3103 1083 3136 a
1095 3087 1214 3136 Modena.
1229 3090 1288 3138 No-

830 3166 856 3207 ta
874 3159 890 3206 l’
899 3158 1021 3209 asindeto.

867 3227 907 3280 28.
928 3245 959 3278 ex
977 3230 1127 3278 turbulenta
1139 3244 1167 3276 re
1174 3235 1222 3292 p..·
1248 3230 1289 3280 fra

830 3299 838 3348 i
852 3300 955 3364 subugli
967 3300 1035 3350 della
1049 3299 1212 3365 repubblica;
1227 3298 1289 3351 cioe

830 3371 898 3437 dopo
916 3371 941 3420 la
954 3371 1081 3421 uccisione
1094 3371 1119 3419 di
1132 3368 1235 3421 Cesare.
1250 3399 1286 3408 -

830 3459 862 3490 rx
876 3448 940 3506 p'ace
959 3450 983 3491 et
1000 3443 1126 3491 victoria:
1149 3441 1177 3490 in
1194 3457 1288 3492 mezzo

829 3512 879 3562 alla
898 3528 959 3577 pace
978 3529 993 3563 e
1010 3513 1061 3562 alla
1083 3510 1199 3571 vittonia;
1226 3511 1288 3563 eloe

829 3584 897 3649 dopo
916 3585 942 3632 la
955 3582 1070 3633 sconfitta
1082 3584 1110 3632 di
1121 3583 1236 3634 Modena
1256 3601 1289 3634 or

829 3670 873 3717 ora
890 3662 1034 3706 accennata.
