2788 4286
305 381 361 435 132
499 387 502 392 ·
641 375 675 416 M.
700 373 730 415 Τ.
754 373 917 417 emenonis

230 521 271 582 35
296 503 367 563 dine
389 499 582 578 impeditur;⁴
604 502 666 560 Ser.
684 498 831 577 Sulpicius
850 509 879 559 et
894 518 1011 560 summa
1033 501 1209 564 auctoritate
1224 515 1258 566 et

296 589 408 670 optime
425 588 554 650 sentiens
567 607 628 648 non
644 588 744 663 adest;
779 587 918 665 reliquos,
937 589 1067 667 exceptis
1082 589 1256 669 designatis

295 681 416 758 ignosce
428 677 502 740 mihi
516 676 541 738 si
556 697 619 738 non
634 695 758 738 numero
775 679 954 738 consulares.
1000 681 1104 740 Habes
1116 691 1256 742 auctores

295 767 411 831 consilii
432 766 554 845 publici.
601 764 662 842 Qui
683 784 825 826 numerus
848 765 937 826 etiam
961 767 1051 828 bonis
1073 769 1162 828 rebus
1192 769 1256 830 exi·

294 876 369 938 gnus
392 866 485 917 esset:
521 853 595 933 quid
617 873 721 916 censes
744 853 887 932 perditis?

227 968 269 1020 40
337 947 438 1022 Quare
454 964 521 1023 spes
537 955 581 1004 est
595 942 692 1004 omnis
707 943 738 1002 in
754 942 856 1019 vobis;
892 943 943 1021 qui
959 943 983 1004 si
998 942 1109 1006 idcirco
1130 946 1253 1021 abestis,

293 1045 326 1096 ut
348 1032 410 1094 sitis
432 1033 465 1094 in
487 1043 560 1105 tut0,
586 1052 624 1093 ne
642 1032 673 1092 in
696 1030 782 1093 vobis
812 1031 951 1109 quidem;
988 1031 1034 1092 sin
1066 1032 1180 1111 aliquid
1209 1035 1256 1096 di·

291 1142 384 1202 gnum
406 1133 502 1183 vestra
523 1121 617 1200 gloria
639 1119 781 1200 cogitatis
806 1121 896 1180 velim
913 1121 1000 1182 salvis
1019 1121 1124 1198 nobis;
1159 1123 1206 1182 sin
1219 1123 1256 1185 id

291 1213 398 1284 minus,
423 1231 469 1272 res
492 1221 593 1271 tamen
615 1209 736 1288 publiea
765 1227 819 1286 per
847 1229 901 1271 vos
935 1209 1018 1271 brevi
1048 1221 1184 1289 tempore
1205 1211 1256 1274 ius

292 1320 378 1362 suum
401 1299 587 1378 reciperabit.
632 1302 696 1377 Ego
720 1297 778 1358 tuis
793 1317 892 1376 neque
913 1299 1017 1358 desum
1034 1319 1133 1376 neque
1148 1302 1253 1362 deero.
1277 1337 1280 1342 ,

223 1406 265 1468 45
291 1390 352 1467 Qui
375 1389 435 1450 sive
458 1390 497 1449 ad
528 1408 577 1448 me
599 1390 727 1448 referent
755 1385 816 1447 sive
840 1407 902 1448 non
930 1389 1068 1460 referent,
1099 1409 1168 1449 mea
1197 1388 1255 1452 tibi
1324 1380 1327 1388 ’

290 1490 390 1540 tamen
412 1476 622 1539 benevolentia
643 1477 777 1554 fidesque
800 1476 1010 1553 praestabitur.
1057 1479 1144 1538 Vale.

324 1700 366 1755 35.
395 1691 449 1739 Ser.
476 1690 625 1753 Sulpicius:
653 1689 740 1739 Servio
831 1704 872 1754 39.
888 1691 1007 1754 perditis,
1028 1696 1086 1740 sott.
1099 1691 1195 1740 rebus:
1212 1707 1255 1742 es-

288 1762 411 1828 Sulpicio.
431 1760 483 1811 cfr.
503 1761 573 1821 XXI,
592 1759 632 1825 ().
794 1762 873 1811 sendo
892 1761 1006 1810 rovinata
1024 1761 1049 1810 la
1067 1760 1215 1811 situazione.

323 1833 365 1898 36,
379 1833 470 1898 optime
484 1833 594 1881 sentiens
604 1851 612 1881 :
630 1832 740 1881 d'ottimi
829 1846 872 1893 41.
892 1849 924 1880 m
941 1832 969 1880 in
984 1833 1054 1882 vobis
1067 1833 1177 1896 quidem,
1190 1839 1255 1885 soit.

284 1903 442 1954 sentimenti.
470 1928 504 1938 -
537 1904 646 1968 exceptis
677 1904 739 1951 desi·
794 1911 851 1967 spes
869 1911 913 1952 est.

279 1977 380 2041 gnatis,
399 1969 454 2023 eine
474 1974 538 2022 Irzio
557 1989 571 2022 e
596 1974 685 2023 Pansa.
706 1999 739 2010 -
829 1987 872 2035 44.
886 1973 1045 2037 reciperabit.
1053 1975 1151 2038 Questo
1160 1973 1254 2024 futuro

285 2061 415 2094 numero:
433 2051 513 2094 metto
531 2044 574 2093 nel
592 2059 695 2095 novero.
794 2044 861 2094 tiene
880 2046 906 2094 le
919 2044 973 2094 veci
985 2043 1045 2093 dell'
1052 2044 1203 2110 imperativo
1222 2046 1255 2094 in

322 2126 364 2180 37.
383 2115 469 2164 Habes
496 2122 612 2163 auctores
640 2115 741 2164 consilii
793 2115 876 2164 forma
893 2115 920 2164 di
938 2116 1109 2180 aspettazione
1127 2115 1256 2166 determi-

278 2187 399 2252 publica':
418 2184 498 2242 eccoti
518 2185 527 2233 i
546 2185 603 2250 capi
628 2186 670 2236 del
695 2185 739 2236 Se·
793 2193 860 2236 nata.

282 2263 354 2308 nato.
827 2267 870 2321 45.
890 2257 942 2306 sive
956 2258 994 2305 ad
1003 2272 1041 2305 me
1052 2257 1170 2321 referem
1180 2273 1253 2311 ene:

321 2327 364 2393 38.
377 2329 452 2378 etiam
468 2328 539 2376 bonis
551 2329 641 2378 rebus:
658 2329 739 2377 anche
792 2344 808 2377 o
827 2345 841 2377 a
859 2344 900 2378 me
919 2328 1033 2378 faeciano
1051 2343 1115 2394 capo
1133 2344 1149 2377 o
1167 2344 1214 2380 no.

281 2400 392 2450 essendo
421 2398 564 2448 favorevole
594 2398 620 2447 ia
649 2398 737 2448 condi·

279 2472 357 2521 aione
376 2470 442 2521 delle
461 2485 526 2521 cose.
