2786 4280
322 327 492 373 Ertsrunan
515 329 670 372 statueras
693 344 735 355 ·-·
760 295 813 375 ΕΡ..
833 331 874 374 lv.
1034 337 1070 375 21

158 457 256 534 Quod
279 476 327 516 me
350 455 510 516 advitam
533 474 631 530 vocas,
665 473 757 516 unum
781 457 883 530 efficis
917 468 950 517 ut
978 478 996 517 a
1027 477 1075 518 me

111 565 225 606 manus
241 544 415 618 abstineam,
440 546 566 605 alterum
581 565 644 605 non
659 554 753 621 potes,
779 555 812 604 ut
834 565 883 605 me
906 565 968 606 non
984 548 1085 624 nostri!
1102 568 1141 606 ιο

111 633 234 697 consilii
258 633 397 710 vitaeque
419 631 578 711 paeniteat.
624 633 706 710 Quid
733 633 813 693 enim
844 645 896 707 est,
921 637 1003 712 quod
1027 656 1075 696 me

111 724 253 797 retineat,
278 721 451 801 praesertim
474 722 499 782 si
522 742 589 800 spes
614 741 734 782 canon
757 732 809 796 est,
830 741 905 798 quae
928 742 983 782 nos
1006 745 1072 802 pro·

112 813 285 874 ficiscentes
306 813 566 890 prosequebatur?
610 813 681 871 Non
703 810 817 880 faciam,
847 822 881 870 ut
903 830 1075 874 enumerem

111 901 251 963 miserias
273 919 387 973 omnes,
412 899 444 959 in
468 919 541 977 quas
567 899 660 961 incidi
687 919 742 976 per
763 919 910 960 summam
939 900 1076 961 iniuriam

115 1002 148 1052 et
171 993 271 1052 scelus
293 1009 356 1049 non
378 999 438 1049 tam
462 988 650 1050 inimicorum
677 1008 813 1048 meorum
836 1008 925 1066 quam
957 988 1075 1051 invido·
1102 1012 1139 1072 25

95 1082 190 1153 rum,
213 1099 253 1139 ne
277 1088 307 1139 et
329 1097 430 1138 meum
446 1097 610 1139 maerorem
626 1076 770 1154 exagitem
794 1087 824 1138 et
846 1089 875 1138 te
892 1079 923 1138 in
946 1080 1076 1139 eundem

114 1172 232 1229 luctum
246 1179 384 1243 'vocem;
423 1168 483 1227 hoc
505 1168 639 1241 adfirmo,
656 1167 809 1226 neminem
832 1185 974 1244 umquam
994 1177 1075 1228 tanta

114 1257 287 1322 calamitate
310 1274 374 1316 esse
393 1256 554 1329 adfectum,
580 1254 692 1316 nemini
714 1265 841 1314 mortem
856 1255 950 1333 magis
972 1266 1075 1333 optan-

111 1349 184 1407 dam
215 1345 315 1406 fuisse.
362 1344 454 1406 Cuius
484 1346 672 1423 oppetendae
696 1355 814 1421 tempus
836 1343 1074 1405 honestissimum

112 1432 361 1513 praetermissum
385 1444 450 1508 est;
490 1433 603 1510 reliqua
622 1444 758 1510 tempora
780 1443 849 1493 sunt
872 1453 933 1493 non
956 1432 1016 1494 iam
1038 1437 1077 1494 ad
1102 1458 1142 1514 30

111 1523 308 1604 medicinam,
334 1523 387 1582 sed
412 1525 564 1584 adfinem
588 1521 709 1583 doloris.

136 1603 139 1610 ’
160 1616 209 1673 De
233 1632 266 1673 re
288 1610 409 1689 publica
431 1609 520 1671 video
542 1622 572 1671 te
595 1609 744 1689 colligere·
759 1609 869 1686 omnia,
893 1629 969 1688 quae
988 1621 1076 1689 putes

111 1702 249 1780 aliquam
273 1718 358 1778 spem
380 1699 454 1760 mihi
477 1720 565 1778 posse
588 1702 702 1760 adferre
733 1700 944 1760 mutandarum
967 1719 1074 1760 rerum.

110 1793 202 1867 Quae
226 1808 411 1866 quamquam
435 1788 541 1874 exigua
563 1797 641 1864 sunt,
667 1797 775 1860 tamen,
801 1788 941 1864 quoniam
967 1791 1074 1867 placet,

109 1890 332 1958 exspectemus.
381 1880 430 1939 Tu
454 1877 548 1938 nihilo
570 1877 678 1949 minus,
704 1877 729 1936 si
741 1877 916 1955 properaris,
934 1896 991 1937 nos
1005 1897 1075 1938 con·
1100 1897 1139 1959 35

110 1973 260 2045 sequere:
300 1986 372 2028 nam
389 1977 442 2028 aut
458 1968 635 2028 accedemus
658 1964 689 2024 in
712 1965 836 2043 Epirum
858 1976 909 2026 aut
922 1966 1007 2026 tarde
1022 1985 1076 2043 per

111 2055 301 2119 Candaviam
325 2054 441 2117 ibimus.
486 2055 712 2117 Dubitationem
729 2064 829 2115 autem
845 2055 883 2115 de
899 2054 991 2132 Epiro
1013 2073 1076 2114 non

149 2263 190 2312 19.
204 2250 281 2310 Quod
287 2265 326 2298 me
337 2251 375 2296 ad
383 2249 463 2297 vitam
475 2265 564 2298 vocas:

108 2329 209 2388 quanto
228 2321 252 2370 al
277 2319 443 2369 confortarmi
468 2319 515 2368 che
538 2327 565 2368 tu

107 2394 143 2443 sai
165 2408 180 2441 a
197 2392 290 2450 vivere,
310 2391 384 2456 sappi
403 2391 449 2440 che
469 2405 519 2439 ecc.

146 2475 190 2513 22.
211 2471 267 2528 spes
281 2478 318 2512 ca,
337 2462 380 2511 Gli
395 2461 472 2510 amici
484 2461 510 2509 di
524 2460 564 2510 ci·

109 2549 212 2593 cetone,
232 2541 331 2584 mentre
349 2532 447 2598 partiva
459 2547 505 2598 per
519 2531 565 2581 l'e-

109 2606 177 2669 silio,
198 2606 225 2654 lo
244 2621 355 2655 avevano
369 2603 506 2653 assicurato
519 2603 566 2653 che

106 2677 129 2726 il
159 2676 257 2742 popolo
288 2677 429 2725 inonstante
456 2674 566 2725 avrebbe

109 2754 232 2798 revocato
250 2747 269 2797 il
287 2747 373 2796 bando
386 2745 424 2795 fra
437 2760 489 2794 non
502 2744 565 2793 mol·

108 2827 150 2879 to;
172 2836 214 2869 ma
232 2818 322 2868 l'esule
338 2818 432 2868 vedeva
445 2816 491 2866 che
505 2831 566 2882 que·

109 2898 148 2940 sta
170 2906 292 2955 speranza
310 2887 466 2938 comitrciava
484 2903 500 2936 a
512 2902 566 2936 sva·

108 2961 176 3011 nire.
201 2987 228 2998 -
248 2977 295 3010 nos
314 2981 349 3002 =
365 2975 410 3008 me.

145 3045 190 3095 23.
211 3033 274 3081 Non
290 3032 403 3096 faciam,
417 3037 449 3080 ut
466 3045 566 3078 enume-

107 3119 184 3152 rem:
202 3119 254 3152 non
273 3099 350 3152 istaro
376 3101 421 3167 qui
447 3102 479 3151 ad
503 3117 563 3152 enu-

105 3189 208 3225 merare
227 3174 259 3223 ad
278 3189 329 3224 una
348 3172 381 3222 ad
399 3188 458 3223 una.

144 3245 189 3296 26.
211 3262 243 3294 nc
268 3253 292 3294 et
315 3260 399 3294 mcum
424 3260 565 3293 maerorem

106 3318 250 3382 exagitem:
268 3333 314 3382 per
333 3330 385 3365 non
404 3314 527 3380 inasprire
545 3313 565 3363 il

107 3388 162 3438 mio
176 3387 315 3451 cordoglio.
328 3387 367 3435 La
379 3385 565 3449 congiunzione

107 3467 131 3507 et
142 3458 173 3507 in
183 3466 275 3524 questo
288 3473 346 3507 caso
356 3473 408 3507 non
418 3457 440 3506 si
454 3457 564 3507 traduce,

142 3542 188 3591 29.
214 3529 294 3578 Cuius
322 3530 476 3594 oppetendae
499 3545 563 3580 ece:

109 3600 180 3650 della
205 3600 281 3666 quale
305 3601 341 3650 mi
370 3615 433 3649 sono
461 3599 565 3649 lasciato

108 3671 228 3736 ssuggire
241 3671 391 3723 l’occasione
405 3667 450 3737 pil
469 3671 565 3721 favore·

618 2250 676 2298 vole
689 2250 731 2314 pel
741 2249 793 2298 mio
805 2249 906 2299 decoro.
925 2248 1019 2298 Allude
1038 2248 1074 2298 al·
1096 2273 1098 2286 =

619 2319 635 2368 l'
643 2320 701 2370 idea
725 2321 771 2369 che
797 2320 833 2384 gli
857 2316 952 2368 balent
970 2319 997 2368 di
1022 2319 1074 2370 fare

619 2390 760 2451 resistenza‚
786 2391 889 2456 quando
914 2391 934 2438 si
959 2390 1017 2441 uide
1037 2391 1073 2439 la-

619 2463 698 2511 sciato
717 2463 744 2511 in
761 2463 830 2511 balia
848 2462 874 2510 di
893 2460 992 2511 Clodi0.

655 2546 696 2596 30.
710 2535 747 2582 ad
759 2534 935 2582 uredicinam...
952 2531 1073 2597 adfinem

620 2604 732 2652 doloris:
751 2621 766 2653 a
786 2618 874 2653 curare
893 2602 912 2650 il
931 2602 1044 2652 dolote...
1058 2618 1074 2650 a

621 2674 755 2725 troncarlo.

656 2758 697 2808 32.
715 2745 808 2802 anania,
823 2761 888 2808 quae
896 2752 990 2808 putas:
1008 2751 1073 2794 tutte

620 2815 645 2866 le
658 2817 811 2865 circostanze
824 2815 871 2866 che
880 2814 994 2880 giudichi
1005 2831 1072 2875 ecc.;

621 2887 788 2951 congiuntivo
807 2887 977 2937 consecutivo.

658 2972 700 3022 34.
721 2961 842 3022 quoniam
858 2959 958 3022 placet:
981 2952 1073 3022 poiche

622 3028 674 3080 cosl
694 3029 712 3078 ti
731 3029 811 3094 piace.

655 3110 696 3165 35.
716 3116 762 3149 nos
787 3105 830 3140 ='
847 3117 892 3150 me.
917 3126 949 3136 -
981 3100 1072 3149 Conse·

620 3171 698 3237 quire
716 3167 730 3219 ὲ
749 3171 843 3221 futuro.

655 3255 697 3307 37.
708 3252 757 3307 per
774 3242 940 3292 Candaviam.
955 3241 1072 3306 Regione

619 3322 786 3365 montuosae
815 3313 948 3379 inospitale
972 3312 1072 3362 dell’Il·

620 3387 677 3435 liria
695 3401 783 3451 presso
803 3384 809 3432 i
829 3382 923 3433 confini
936 3383 1005 3433 della
1017 3385 1071 3433 Ma·

619 3457 733 3508 cedonia.
761 3481 795 3491 -
824 3457 911 3504 tarde:
936 3471 950 3503 a
972 3455 1070 3520 piccole

620 3536 705 3594 tappe.
733 3553 764 3563 —
784 3527 976 3575 Dubitationem
1000 3541 1068 3575 ecc:

620 3601 636 3651 1·
643 3601 781 3649 incertezza
790 3597 834 3662 poi
844 3597 890 3646 cbe
900 3597 925 3645 io
934 3598 967 3645 ho
978 3597 1003 3644 di
1014 3603 1069 3644 toc-

620 3687 677 3721 care
695 3671 712 3720 l'
720 3669 808 3733 Epiro,
829 3683 903 3717 nasce
927 3682 979 3716 non
1002 3665 1070 3715 dalla
