2786 4280
307 357 475 400 EPISTULAE
499 359 654 403 SELECTAE
678 362 720 389 -·’·
745 363 791 407 ΕΡ.
817 365 902 411 111·lv.
1045 371 1083 432 19

120 485 288 570 splendore
310 485 388 545 vitae
411 496 474 546 tum
505 488 608 549 mortis
638 499 782 568 tempore.
829 495 893 553 Nos
923 505 1025 557 tamen
1052 498 1083 559 in
1110 517 1148 575 70

120 574 172 634 his
197 572 321 634 miseriis
344 585 443 635 erecto
465 576 566 636 animo
590 588 621 638 et
642 578 764 640 minime
787 584 960 659 perturbato
982 605 1084 648 sumus

120 662 395 741 honestissimeque
419 675 449 724 et
472 664 646 744 dignitatem
675 677 704 728 et
726 668 930 732 auctoritatem
953 685 1084 736 nostram

119 771 236 830 magna
258 771 331 813 cura
353 762 482 814 tuemur,

168 841 332 918 Pompeius
361 843 400 902 de
432 843 540 904 Clodio
571 843 656 906 iubet
682 866 737 907 nos
768 865 831 907 esse
860 847 923 908 sine
953 870 1023 912 cura
1054 864 1084 914 et

120 949 274 990 summam
297 930 329 990 in
344 949 400 990 nos
415 932 656 993 benevolentiam
680 935 762 995 omni
777 936 912 997 oratione
927 938 1080 1016 significat.
1108 961 1122 1019 7
1129 961 1145 1020 5

118 1021 169 1079 Te
196 1020 307 1079 habere
323 1018 514 1080 consiliorum
530 1033 691 1096 auctorem,
710 1025 941 1086 sollicitudinum
959 1029 1080 1104 socium,

118 1107 210 1168 omni
232 1107 264 1167 in
287 1107 467 1186 cogitatione
490 1110 682 1172 coniunctum
706 1113 804 1192 cupio.
846 1116 956 1192 Quare,
973 1128 1006 1177 ut
1022 1121 1083 1179 Nu·
1117 1145 1123 1157 ·

116 1195 233 1256 mestio
249 1196 397 1270 mandavi,
415 1208 515 1258 tecum
533 1209 688 1288 utlageret,
706 1201 778 1262 item
801 1213 890 1280 atque
913 1224 958 1278 e0,
984 1205 1008 1265 si
1031 1227 1082 1284 po·

114 1296 190 1360 test,
215 1285 318 1358 acrius,
345 1296 375 1345 te
398 1306 479 1364 rogn,
504 1298 538 1348 ut
559 1291 649 1366 plane
671 1293 709 1351 ad
729 1311 784 1352 nos
806 1293 937 1354 advoles.
978 1296 1082 1374 Respi-

113 1395 199 1448 raro,
224 1374 250 1434 si
272 1384 302 1434 te
325 1374 438 1434 vider0.

113 1569 147 1618 61
181 1585 206 1617 a.
235 1570 284 1620 (λι
316 1567 402 1634 percio
427 1569 453 1618 lo
481 1569 577 1621 invidia
668 1573 709 1634 76.
738 1575 917 1626 consiliorum
933 1585 1082 1628 auctorem:

114 1640 256 1690 Cicerone.
630 1644 790 1709 consigliero.

153 1723 201 1774 70.
237 1719 293 1760 mm
327 1713 417 1761 mortis
448 1719 576 1777 tempore:
667 1726 708 1780 79.
736 1717 834 1780 plane:
866 1719 931 1768 senz¹
943 1719 1015 1768 altro.
1048 1746 1080 1756 -

110 1789 219 1849 quanto
232 1782 276 1849 pel
289 1789 376 1847 tempo
389 1782 415 1832 di
428 1798 475 1832 sua
485 1791 574 1836 morte.
629 1787 787 1851 Respiraro:
806 1784 862 1837 sard
881 1789 1026 1856 tranquillo.

490 1986 713 1997 ———-..

387 2198 440 2255 IV.
464 2194 520 2273 (ad
539 2198 672 2256 Atticum
694 2200 746 2272 HI,
774 2197 814 2276 7).

150 2354 193 2403 Le
215 2359 269 2401 otto
288 2352 379 2402 lettere
402 2352 448 2402 che
473 2368 588 2416 seguono
613 2368 676 2402 sono
702 2360 766 2403 state
790 2353 876 2404 scritte
894 2355 927 2403 da
954 2353 1078 2404 Cicerone

108 2433 220 2476 mentre
240 2439 282 2473 era
300 2423 328 2472 in
348 2423 427 2474 esilio.
453 2424 483 2472 In
503 2431 592 2488 questa
611 2425 700 2489 spiega
725 2421 817 2490 perche
836 2424 915 2474 rifiuti
940 2425 966 2474 di
985 2426 1078 2474 recarsi

110 2498 148 2546 da
164 2495 263 2554 Attico,
278 2494 324 2544 che
343 2495 369 2543 lo
388 2510 465 2544 aveva
483 2495 589 2544 invitato
610 2495 669 2545 nell'
681 2497 777 2560 Epiro;
796 2497 818 2545 si
837 2496 913 2559 lagna
931 2497 959 2545 in
977 2497 1078 2560 seguito

109 2568 186 2618 della
206 2581 254 2615 sua
272 2566 368 2630 grande
387 2565 517 2630 disgrazia,
537 2566 718 2631 specialmente
730 2567 757 2616 di
775 2582 827 2615 non
845 2581 934 2631 sapere
952 2566 1016 2615 dove
1033 2581 1079 2632 po·

108 2635 154 2688 trit
172 2637 324 2687 abboccarsi
343 2638 384 2686 col
404 2637 512 2687 fratello.
539 2639 581 2686 Ha
600 2638 625 2686 la
644 2638 702 2687 data
726 2638 758 2686 da
776 2637 894 2695 Brindisi,
914 2636 929 2684 l'
941 2637 1032 2686 ultimo
1051 2637 1077 2686 di

107 2710 198 2776 aprile
218 2708 261 2757 del
280 2707 331 2770 696
349 2707 415 2772 (58).

409 2920 538 2971 CICERO
556 2920 690 2973 ATTICO
710 2921 781 2971 SAL.

160 3067 358 3130 Brundisium
366 3057 444 3127 ‘veni
459 3088 486 3127 a.
501 3067 531 3127 d.
548 3085 614 3126 xmr
629 3066 698 3125 Kal.
722 3063 827 3125 Maias.
866 3068 912 3126 Eo
928 3065 978 3126 die
993 3066 1078 3145 pueri

108 3158 161 3219 tui
184 3156 301 3218 mihia
331 3168 362 3217 te
385 3154 496 3216 litteras
526 3153 730 3226 reddiderunt,
761 3165 791 3214 et
820 3154 870 3214 alii
899 3154 984 3233 pueri
1010 3169 1080 3232 post

109 3246 202 3308 diem
227 3246 347 3306 tertium
372 3244 434 3306 eius
457 3243 517 3305 diei
546 3243 618 3304 alias
637 3243 748 3303 litteras
772 3246 942 3304 attulerunt.
988 3243 1080 3325 Quod

155 3509 177 3546 1.
194 3495 279 3558 pueri
295 3495 352 3544 tui:
372 3492 382 3542 i
399 3493 454 3542 tuoi
473 3493 545 3542 servi.
664 3505 689 3555 3.
718 3493 794 3553 Quod
816 3509 854 3542 me
877 3510 953 3558 rogas
973 3501 998 3544 et
1020 3493 1079 3540 leor-

154 3579 178 3614 2.
208 3581 227 3612 a
252 3572 276 3613 te
302 3567 420 3615 litteras:
451 3579 503 3612 una
531 3570 574 3612 tua
629 3565 713 3614 raris:
740 3570 837 3628 quanto
862 3565 903 3614 all'
915 3564 994 3613 invito
1017 3562 1078 3612 insi-

109 3639 221 3687 lettera.
241 3661 274 3672 -
297 3643 359 3700 post
382 3636 447 3684 diem
470 3635 574 3685 tertium
628 3641 710 3685 stente
740 3634 772 3684 ed
803 3635 937 3685 affettuoso
965 3635 1011 3683 che
1041 3633 1078 3682 mi

108 3709 175 3758 ιὶω
194 3707 263 3756 diei:
283 3715 320 3757 tre
338 3706 422 3772 giorni
441 3706 517 3771 dopo.
629 3705 673 3754 fai.
716 3708 717 3716 ’
1038 3731 1040 3736 ,
