2788 4286
318 307 487 352 EPISTULAE
509 307 672 374 samer-Ar.
686 324 730 334 -
756 307 804 353 ΕΡ.
828 308 924 356 XXVII.

1038 313 1097 371 119

134 435 177 498 Si
200 436 277 496 enim
300 436 378 496 bene
401 433 510 495 sentire
532 444 671 512 recteque
694 435 791 494 facere
807 433 876 494 satis
896 444 940 495 est
959 435 1002 493 ¹ad
1016 437 1095 495 bene
1120 450 1163 514 35

140 527 291 602 beateque
313 523 483 594 vivendum,
507 542 618 595 vereor,
636 541 675 583 ne
691 541 768 596 eum,
793 522 892 598 quise
916 523 1096 601 optimomm

134 612 332 676 consiliorum
354 611 536 690 conscientia
559 621 721 672 sustentare
743 611 844 690 possit,
869 609 1009 672 miserum
1032 629 1096 673 esse

138 703 228 763 nefas
250 702 286 761 sit
309 701 417 762 dicere.
466 703 531 761 Nec
553 700 634 760 enim
649 719 705 760 uos
719 700 845 760 arbitror
860 699 999 761 victoriae
1014 720 1097 778 prae·

139 789 212 851 miis
234 791 338 850 ductos
366 788 492 868 patriam
521 788 592 849 olim
621 797 651 848 et
678 787 788 849 liberos
818 799 847 849 et
869 791 1003 849 fortunas
1032 788 1097 848 reli·

139 878 264 956 quisse;
302 881 355 940 sed
377 879 531 955 quoddam
555 875 643 938 nobis
674 877 804 938 officium
829 877 937 937 iustum
961 888 991 938 et
1013 877 1096 954 pium
1119 897 1164 952 40

134 978 174 1028 et
198 967 330 1027 debitum
353 966 396 1026 rei
426 987 457 1044 p.
481 975 659 1042 nostraeque
689 965 827 1043 dignit-ati
855 966 1030 1026 videbamur
1053 985 1095 1026 se·

135 1055 217 1133 qui3
256 1075 321 1129 nec,
344 1074 413 1116 cum
428 1055 460 1115 id
475 1054 665 1128 faciebamus,
688 1063 749 1114 tam
765 1074 882 1115 eramus
897 1065 1037 1129 amentes,
1062 1064 1096 1114 ut
1140 1077 1144 1084 ·

138 1147 296 1223 explorata
325 1143 411 1204 nobis
442 1154 519 1205 esset
548 1141 679 1204 victoria.
724 1144 833 1218 Quare,
867 1143 890 1203 si
915 1143 950 1222 id
985 1142 1092 1216 evenit,

133 1234 225 1312 quod
248 1231 481 1310 ingredientibus
510 1231 597 1292 nobis
627 1230 658 1290 in
685 1250 809 1292 causam
833 1233 1017 1311 propositum
1041 1231 1096 1292 suit

134 1320 277 1383 accidere
299 1341 396 1398 posse,
421 1340 484 1381 non
507 1322 651 1380 debemus
674 1318 716 1379 ita
737 1323 842 1382 cadere
865 1320 979 1400 animis,
1011 1319 1095 1396 quasi
1118 1335 1160 1396 45

137 1409 254 1486 aliquid
277 1409 417 1485 evenerit,
442 1411 525 1487 quod
540 1408 604 1468 fieri
626 1427 713 1485 posse
732 1429 897 1486 numquam
919 1409 1094 1488 putarimus.

136 1499 240 1560 Simus
263 1497 351 1576 igitur
373 1518 409 1558 ea
431 1508 540 1570 mente,
566 1515 656 1574 quam
676 1496 751 1557 ratio
774 1509 805 1559 et
826 1499 932 1559 veritas
955 1495 1094 1576 praescri·

136 1587 196 1662 bit,
208 1597 251 1647 'ut
274 1586 348 1648 nihil
362 1587 394 1646 in
416 1586 477 1646 vita
499 1585 586 1647 nobis
608 1589 819 1662 praestandum
838 1597 955 1664 praeter
977 1589 1095 1665 culpam

137 1687 289 1755 putemus,
315 1694 410 1753 eaque
432 1693 501 1735 cum
524 1692 684 1746 careamus,
710 1676 810 1736 omnia
833 1678 963 1736 humana
978 1677 1094 1754 placate

133 1775 171 1824 et
194 1765 347 1824 moderate
370 1767 510 1825 feramus.
555 1767 654 1838 Atque
677 1764 752 1825 haec
774 1784 811 1825 eo
840 1765 968 1843 pertinet
990 1763 1093 1838 oratio,
1119 1777 1161 1840 50

136 1863 172 1914 ut
195 1843 318 1930 perditis
340 1855 430 1914 rebus
451 1851 591 1912 omnibus
612 1860 713 1911 tamen
736 1852 799 1932 ipsa
813 1852 905 1913 virtus
928 1873 959 1913 se
982 1863 1093 1913 susten·

131 1952 202 2002 tare
236 1961 326 2020 posse
355 1940 499 2002 videatur.
545 1941 614 2014 Sed,

650 1938 674 1998 si
704 1952 748 2002 est
777 1961 844 2019 spes
874 1940 973 2019 aliqua
1005 1944 1094 2003 rebus

135 2029 360 2102 communibus,
387 2049 422 2089 ea
444 2040 485 2104 tu,
510 2028 690 2106 quicumque
714 2041 805 2092 status
836 2041 880 2091 est
902 2033 1025 2105 futurus,
1049 2051 1114 2104 ca·‚

133 2137 206 2180 rere
228 2138 291 2178 non
314 2119 418 2179 debes.

181 2211 285 2284 Atque
307 2208 382 2267 haee
403 2205 476 2266 mihi
500 2203 639 2267 scribenti
662 2205 802 2267 veniebat
832 2206 863 2266 in
889 2218 1020 2268 mentem
1044 2225 1092 2266 me
1117 2219 1132 2282 5
1139 2219 1161 2282 ς,

172 2444 216 2499 35.
237 2435 296 2484 bene
320 2435 433 2485 sentire:
457 2434 476 2483 il
498 2450 591 2500 pensar

132 2507 213 2556 bene.

172 2589 217 2640 43.
238 2576 388 2640 explorata:
406 2575 496 2626 sicum.
514 2601 547 2612 -·-
567 2577 592 2625 εἰ

134 2649 170 2698 id
185 2648 270 2696 evenit
297 2646 369 2710 quod
383 2661 442 2707 ece.¹
469 2643 524 2697 cine
542 2647 589 2697 che

127 2717 230 2768 Cesare
249 2717 366 2767 riuscisse
387 2717 517 2768 vincitore.

172 2803 216 2850 44.
235 2789 439 2854 ingredientibus
463 2789 535 2838 nobis
560 2790 589 2838 e'n

133 2875 243 2910 causam
257 2859 419 2923 propositum
428 2859 511 2924 fuit:
532 2859 589 2910 nel·

134 2931 152 2980 l'
166 2929 332 2980 abbracciare
368 2938 459 2995 questo
494 2931 587 2996 partito

134 3015 335 3068 supponemmo.

170 3081 216 3136 45.
237 3072 325 3120 cadere
340 3071 453 3121 animis:
471 3072 585 3138 perderci

130 3143 264 3193 d'animo.

170 3213 216 3275 46.
237 3214 303 3279 fieri
325 3221 401 3277 posse
428 3230 587 3278 numquam:

134 3284 305 3351 impossibile.
563 3341 566 3347 Ι

171 3365 215 3417 47.
244 3356 312 3404 ratio
339 3361 364 3404 et
391 3357 504 3404 veritas:
536 3371 587 3406 una

134 3425 585 3490 franchezzaragionevole.Endiadi.

129 3496 190 3547 Csr.
211 3496 236 3546 S.
255 3497 284 3547 F.
307 3509 349 3560 23,
369 3512 390 3547 c.

170 3566 216 3630 48.
241 3576 273 3616 ut
297 3569 367 3617 nihil
387 3568 416 3617 e‘n
441 3568 496 3617 vita
514 3569 585 3618 nobis

128 3639 322 3704 praestandum
336 3647 443 3704 praeter
468 3639 601 3704 culpamr'

644 2434 691 2485 che
703 2451 748 2500 per
762 2441 827 2485 tutta
844 2434 869 2484 la
883 2435 934 2485 vita
951 2436 1031 2486 siamo
1047 2437 1092 2486 ob·

643 2505 734 2570 bligati
753 2523 769 2556 a
781 2507 855 2556 risere
869 2506 923 2556 solo
939 2507 948 2555 i
961 2505 1038 2556 dauni
1051 2523 1092 2557 ca-

643 2576 740 2640 gionati
753 2577 820 2626 dalla
829 2584 914 2626 nostra
924 2579 1011 2644 colpa3
1022 2573 1090 2628 aiot:
1113 2630 1118 2645 ¹

643 2646 780 2697 dobbiamo
799 2649 854 2698 solo
867 2649 960 2699 evitare
971 2649 997 2698 la
1009 2649 1091 2715 colpa.

677 2731 720 2780 49.
736 2720 838 2783 placate
856 2727 881 2768 et
898 2721 1042 2769 moderate:
1063 2721 1092 2770 in

642 2804 704 2854 pace
724 2805 737 2840 e
757 2805 805 2839 eon
823 2790 884 2854 ogni
907 2790 1091 2842 moderazione.

679 2870 719 2924 50.
740 2877 766 2910 eo
779 2863 911 2925 pertinet:
931 2861 994 2911 mira
1006 2877 1021 2910 a
1034 2858 1081 2911 oid.

678 2941 718 2994 51.
733 2932 845 2996 perditis
863 2933 938 2981 rebus
956 2933 1091 2982 omnibus:

642 3001 735 3067 quand’
747 3002 827 3052 anche
845 3001 950 3054 undasse
962 3004 990 3052 in
1002 3004 1091 3054 rovina

640 3079 705 3122 tutto
724 3073 744 3121 il
762 3073 865 3124 mondo.

676 3155 717 3210 52.
737 3144 814 3192 rebus
832 3145 1026 3194 communibus:
1043 3161 1090 3211 per

639 3213 665 3264 la
686 3213 853 3279 repubblica.‘

677 3294 690 3348 5
694 3292 826 3348 3.status:
838 3287 864 3335 le
876 3301 921 3336 sua
934 3285 1090 3338 condizione.

677 3365 718 3420 55.
737 3357 872 3407 scribenti:
892 3357 962 3407 nello
975 3357 1090 3408 scrivere.

642 3451 673 3461 -
686 3427 803 3475 veniebat
816 3430 845 3477 r'n
863 3436 978 3488 mentem,
994 3427 1027 3476 ha
1044 3441 1092 3492 per

640 3503 757 3562 soggetto
774 3497 799 3546 la
812 3499 988 3564 proposizione
1005 3496 1092 3546 infini-

640 3568 691 3619 tiva
709 3568 755 3617 che
773 3584 858 3633 segue.
879 3569 930 3619 Cfr.
948 3569 1043 3632 XXIV,
1063 3579 1092 3632 3.
