<?xml version="1.0" encoding="UTF-8"?>
<!DOCTYPE html PUBLIC "-//W3C//DTD XHTML 1.0 Transitional//EN"
    "http://www.w3.org/TR/xhtml1/DTD/xhtml1-transitional.dtd">
<html xmlns="http://www.w3.org/1999/xhtml" xml:lang="en" lang="en">
 <head>
  <title>
</title>
<meta http-equiv="Content-Type" content="text/html;charset=utf-8" />
  <meta name='ocr-system' content='tesseract 3.04.00' />
  <meta name='ocr-capabilities' content='ocr_page ocr_carea ocr_par ocr_line ocrx_word'/>
</head>
<body>
  <div class='ocr_page' id='page_1' title='image "./epistulaeselect00carrgoog_0132.png"; bbox 0 0 2788 4286; ppageno 0'>
   <div class='ocr_carea' id='block_1_1' title="bbox 323 325 934 369">
    <p class='ocr_par' dir='ltr' id='par_1_1' title="bbox 323 325 934 369">
     <span class='ocr_line' id='line_1_1' title="bbox 323 325 934 369; baseline 0.002 -3"><span class='ocrx_word' id='word_1_1' title='bbox 323 325 490 368; x_wconf 78' lang='lat' dir='ltr'>EPISTULAE</span> <span class='ocrx_word' id='word_1_2' title='bbox 512 325 666 369; x_wconf 79' lang='lat' dir='ltr'>SELECTAE</span> <span class='ocrx_word' id='word_1_3' title='bbox 689 341 732 352; x_wconf 86' lang='grc'>··-</span> <span class='ocrx_word' id='word_1_4' title='bbox 756 326 802 369; x_wconf 82' lang='grc' dir='ltr'>ΕΡ.</span> <span class='ocrx_word' id='word_1_5' title='bbox 825 325 934 368; x_wconf 83' lang='grc' dir='ltr'>ΧΧ11111.</span> 
     </span>
    </p>
   </div>
   <div class='ocr_carea' id='block_1_2' title="bbox 1045 327 1103 388">
    <p class='ocr_par' dir='ltr' id='par_1_2' title="bbox 1045 327 1103 388">
     <span class='ocr_line' id='line_1_2' title="bbox 1045 327 1103 388; baseline 0.017 -20"><span class='ocrx_word' id='word_1_6' title='bbox 1045 327 1103 388; x_wconf 87' lang='lat'>1²5</span> 
     </span>
    </p>
   </div>
   <div class='ocr_carea' id='block_1_3' title="bbox 136 449 1175 2036">
    <p class='ocr_par' dir='ltr' id='par_1_3' title="bbox 136 449 1175 2036">
     <span class='ocr_line' id='line_1_3' title="bbox 139 449 1107 532; baseline -0.004 -17"><span class='ocrx_word' id='word_1_7' title='bbox 139 453 284 532; x_wconf 83' lang='lat' dir='ltr'>denique</span> <span class='ocrx_word' id='word_1_8' title='bbox 307 471 406 512; x_wconf 89' lang='lat' dir='ltr'>amare</span> <span class='ocrx_word' id='word_1_9' title='bbox 428 450 537 524; x_wconf 90' lang='lat' dir='ltr'>videar,</span> <span class='ocrx_word' id='word_1_10' title='bbox 555 462 642 512; x_wconf 90' lang='lat' dir='ltr'>antea</span> <span class='ocrx_word' id='word_1_11' title='bbox 664 449 810 511; x_wconf 84' lang='lat' dir='ltr'>dilexisse.</span> <span class='ocrx_word' id='word_1_12' title='bbox 850 452 949 526; x_wconf 80' lang='lat' dir='ltr'><strong>Quare</strong></span> <span class='ocrx_word' id='word_1_13' title='bbox 966 449 1039 528; x_wconf 94' lang='lat' dir='ltr'>quid</span> <span class='ocrx_word' id='word_1_14' title='bbox 1054 462 1107 526; x_wconf 91' lang='lat' dir='ltr'>est,</span> 
     </span>
     <span class='ocr_line' id='line_1_4' title="bbox 138 537 1109 622; baseline -0.004 -18"><span class='ocrx_word' id='word_1_15' title='bbox 138 545 236 622; x_wconf 74' lang='lat' dir='ltr'>quod</span> <span class='ocrx_word' id='word_1_16' title='bbox 259 561 314 621; x_wconf 89' lang='lat' dir='ltr'>ego</span> <span class='ocrx_word' id='word_1_17' title='bbox 330 551 359 602; x_wconf 90' lang='lat' dir='ltr'>te</span> <span class='ocrx_word' id='word_1_18' title='bbox 375 543 484 615; x_wconf 89' lang='lat' dir='ltr'>horter,</span> <span class='ocrx_word' id='word_1_19' title='bbox 501 538 533 599; x_wconf 84' lang='lat' dir='ltr'>ut</span> <span class='ocrx_word' id='word_1_20' title='bbox 548 539 691 618; x_wconf 81' lang='lat' dir='ltr'><strong>dignitate</strong></span> <span class='ocrx_word' id='word_1_21' title='bbox 707 549 737 600; x_wconf 91' lang='lat' dir='ltr'>et</span> <span class='ocrx_word' id='word_1_22' title='bbox 751 537 861 618; x_wconf 88' lang='lat' dir='ltr'>gloriae</span> <span class='ocrx_word' id='word_1_23' title='bbox 876 538 1004 599; x_wconf 87' lang='lat' dir='ltr'>servias?</span> <span class='ocrx_word' id='word_1_24' title='bbox 1041 559 1109 618; x_wconf 90' lang='lat' dir='ltr'>pro·</span> 
     </span>
     <span class='ocr_line' id='line_1_5' title="bbox 145 626 1110 710; baseline -0.003 -18"><span class='ocrx_word' id='word_1_25' title='bbox 145 651 265 710; x_wconf 83' lang='lat' dir='ltr'>ponam</span> <span class='ocrx_word' id='word_1_26' title='bbox 287 629 342 691; x_wconf 94' lang='lat' dir='ltr'>tibi</span> <span class='ocrx_word' id='word_1_27' title='bbox 365 631 459 690; x_wconf 92' lang='lat' dir='ltr'>claros</span> <span class='ocrx_word' id='word_1_28' title='bbox 481 627 568 702; x_wconf 91' lang='lat' dir='ltr'>viros,</span> <span class='ocrx_word' id='word_1_29' title='bbox 593 629 674 706; x_wconf 93' lang='lat' dir='ltr'>quod</span> <span class='ocrx_word' id='word_1_30' title='bbox 696 631 792 688; x_wconf 85' lang='lat' dir='ltr'>facere</span> <span class='ocrx_word' id='word_1_31' title='bbox 823 631 929 703; x_wconf 86' lang='lat' dir='ltr'><strong>solent,</strong></span> <span class='ocrx_word' id='word_1_32' title='bbox 962 626 1013 706; x_wconf 91' lang='lat' dir='ltr'>qui</span> <span class='ocrx_word' id='word_1_33' title='bbox 1043 630 1110 689; x_wconf 91' lang='lat' dir='ltr'>hor-</span> 
     </span>
     <span class='ocr_line' id='line_1_6' title="bbox 139 717 1110 794; baseline -0.003 -13"><span class='ocrx_word' id='word_1_34' title='bbox 139 723 271 782; x_wconf 81' lang='lat' dir='ltr'>tantur?</span> <span class='ocrx_word' id='word_1_35' title='bbox 310 717 469 778; x_wconf 86' lang='lat' dir='ltr'>Neminem</span> <span class='ocrx_word' id='word_1_36' title='bbox 492 719 589 778; x_wconf 91' lang='lat' dir='ltr'>habeo</span> <span class='ocrx_word' id='word_1_37' title='bbox 605 717 757 778; x_wconf 89' lang='lat' dir='ltr'>clariorem</span> <span class='ocrx_word' id='word_1_38' title='bbox 773 735 862 792; x_wconf 89' lang='lat' dir='ltr'>quam</span> <span class='ocrx_word' id='word_1_39' title='bbox 878 727 908 777; x_wconf 91' lang='lat' dir='ltr'>te</span> <span class='ocrx_word' id='word_1_40' title='bbox 927 717 1041 794; x_wconf 89' lang='lat' dir='ltr'>ipsum;</span> <span class='ocrx_word' id='word_1_41' title='bbox 1079 728 1110 778; x_wconf 92' lang='lat' dir='ltr'>te</span> 
     </span>
     <span class='ocr_line' id='line_1_7' title="bbox 147 805 1172 885; baseline -0.005 -16"><span class='ocrx_word' id='word_1_42' title='bbox 147 809 268 869; x_wconf 89' lang='lat' dir='ltr'>imitere</span> <span class='ocrx_word' id='word_1_43' title='bbox 292 817 417 885; x_wconf 87' lang='lat' dir='ltr'>oportet,</span> <span class='ocrx_word' id='word_1_44' title='bbox 442 817 541 868; x_wconf 91' lang='lat' dir='ltr'>tecum</span> <span class='ocrx_word' id='word_1_45' title='bbox 554 805 618 884; x_wconf 90' lang='lat' dir='ltr'>ipse</span> <span class='ocrx_word' id='word_1_46' title='bbox 634 816 742 881; x_wconf 88' lang='lat' dir='ltr'>certes;</span> <span class='ocrx_word' id='word_1_47' title='bbox 777 825 815 864; x_wconf 92' lang='lat' dir='ltr'>ne</span> <span class='ocrx_word' id='word_1_48' title='bbox 831 805 900 866; x_wconf 91' lang='lat' dir='ltr'>licet</span> <span class='ocrx_word' id='word_1_49' title='bbox 915 805 1036 882; x_wconf 90' lang='lat' dir='ltr'>quidem</span> <span class='ocrx_word' id='word_1_50' title='bbox 1052 805 1106 866; x_wconf 95' lang='lat' dir='ltr'>tibi</span> <span class='ocrx_word' id='word_1_51' title='bbox 1134 823 1172 885; x_wconf 88' lang='lat'>55</span> 
     </span>
     <span class='ocr_line' id='line_1_8' title="bbox 148 893 1107 973; baseline -0.003 -16"><span class='ocrx_word' id='word_1_52' title='bbox 148 898 214 957; x_wconf 90' lang='lat' dir='ltr'>iam</span> <span class='ocrx_word' id='word_1_53' title='bbox 230 896 318 957; x_wconf 85' lang='lat' dir='ltr'>tantis</span> <span class='ocrx_word' id='word_1_54' title='bbox 330 897 419 956; x_wconf 89' lang='lat' dir='ltr'>rebus</span> <span class='ocrx_word' id='word_1_55' title='bbox 434 893 523 973; x_wconf 89' lang='lat' dir='ltr'>gestis</span> <span class='ocrx_word' id='word_1_56' title='bbox 538 914 600 955; x_wconf 92' lang='lat' dir='ltr'>non</span> <span class='ocrx_word' id='word_1_57' title='bbox 615 893 658 955; x_wconf 90' lang='lat' dir='ltr'>tui</span> <span class='ocrx_word' id='word_1_58' title='bbox 671 893 796 954; x_wconf 91' lang='lat' dir='ltr'>similem</span> <span class='ocrx_word' id='word_1_59' title='bbox 813 913 886 955; x_wconf 89' lang='lat' dir='ltr'>esse.</span> <span class='ocrx_word' id='word_1_60' title='bbox 932 895 1023 969; x_wconf 90' lang='lat' dir='ltr'>Quod</span> <span class='ocrx_word' id='word_1_61' title='bbox 1039 913 1107 955; x_wconf 91' lang='lat' dir='ltr'>cum</span> 
     </span>
     <span class='ocr_line' id='line_1_9' title="bbox 150 981 1108 1062; baseline -0.005 -16"><span class='ocrx_word' id='word_1_62' title='bbox 150 985 196 1047; x_wconf 91' lang='lat' dir='ltr'>ita</span> <span class='ocrx_word' id='word_1_63' title='bbox 219 985 262 1058; x_wconf 90' lang='lat' dir='ltr'>sit,</span> <span class='ocrx_word' id='word_1_64' title='bbox 287 983 415 1045; x_wconf 83' lang='lat' dir='ltr'>hortatio</span> <span class='ocrx_word' id='word_1_65' title='bbox 438 1003 501 1043; x_wconf 88' lang='lat' dir='ltr'>non</span> <span class='ocrx_word' id='word_1_66' title='bbox 524 993 569 1043; x_wconf 89' lang='lat' dir='ltr'>est</span> <span class='ocrx_word' id='word_1_67' title='bbox 591 981 761 1058; x_wconf 90' lang='lat' dir='ltr'>necessaria,</span> <span class='ocrx_word' id='word_1_68' title='bbox 789 982 984 1062; x_wconf 80' lang='lat' dir='ltr'>gratulatione</span> <span class='ocrx_word' id='word_1_69' title='bbox 1015 981 1108 1060; x_wconf 90' lang='lat' dir='ltr'>magis</span> 
     </span>
     <span class='ocr_line' id='line_1_10' title="bbox 144 1070 1108 1150; baseline -0.003 -15"><span class='ocrx_word' id='word_1_70' title='bbox 144 1075 300 1136; x_wconf 81' lang='lat' dir='ltr'>utendum</span> <span class='ocrx_word' id='word_1_71' title='bbox 323 1084 384 1133; x_wconf 91' lang='lat' dir='ltr'>est:</span> <span class='ocrx_word' id='word_1_72' title='bbox 420 1071 544 1150; x_wconf 89' lang='lat' dir='ltr'>contigit</span> <span class='ocrx_word' id='word_1_73' title='bbox 567 1071 645 1132; x_wconf 92' lang='lat' dir='ltr'>enim</span> <span class='ocrx_word' id='word_1_74' title='bbox 669 1070 732 1144; x_wconf 91' lang='lat' dir='ltr'>tibi,</span> <span class='ocrx_word' id='word_1_75' title='bbox 758 1073 840 1148; x_wconf 92' lang='lat' dir='ltr'>quod</span> <span class='ocrx_word' id='word_1_76' title='bbox 869 1072 952 1131; x_wconf 92' lang='lat' dir='ltr'>haud</span> <span class='ocrx_word' id='word_1_77' title='bbox 981 1070 1041 1131; x_wconf 92' lang='lat' dir='ltr'>scio</span> <span class='ocrx_word' id='word_1_78' title='bbox 1068 1091 1108 1132; x_wconf 93' lang='lat' dir='ltr'>an</span> 
     </span>
     <span class='ocr_line' id='line_1_11' title="bbox 143 1158 1107 1237; baseline -0.004 -13"><span class='ocrx_word' id='word_1_79' title='bbox 143 1161 278 1237; x_wconf 81' lang='lat' dir='ltr'>nemini,</span> <span class='ocrx_word' id='word_1_80' title='bbox 302 1172 335 1222; x_wconf 91' lang='lat' dir='ltr'>ut</span> <span class='ocrx_word' id='word_1_81' title='bbox 357 1180 472 1221; x_wconf 90' lang='lat' dir='ltr'>summa</span> <span class='ocrx_word' id='word_1_82' title='bbox 495 1160 633 1220; x_wconf 89' lang='lat' dir='ltr'>severitas</span> <span class='ocrx_word' id='word_1_83' title='bbox 655 1158 918 1220; x_wconf 88' lang='lat' dir='ltr'>animadversionis</span> <span class='ocrx_word' id='word_1_84' title='bbox 936 1178 999 1219; x_wconf 91' lang='lat' dir='ltr'>non</span> <span class='ocrx_word' id='word_1_85' title='bbox 1014 1161 1107 1220; x_wconf 90' lang='lat' dir='ltr'>modo</span> 
     </span>
     <span class='ocr_line' id='line_1_12' title="bbox 147 1248 1174 1327; baseline -0.001 -16"><span class='ocrx_word' id='word_1_86' title='bbox 147 1271 218 1312; x_wconf 87' lang='lat' dir='ltr'>nou</span> <span class='ocrx_word' id='word_1_87' title='bbox 240 1249 393 1323; x_wconf 86' lang='lat' dir='ltr'>invidiosa,</span> <span class='ocrx_word' id='word_1_88' title='bbox 418 1250 472 1308; x_wconf 92' lang='lat' dir='ltr'>sed</span> <span class='ocrx_word' id='word_1_89' title='bbox 494 1249 582 1310; x_wconf 90' lang='lat' dir='ltr'>etiam</span> <span class='ocrx_word' id='word_1_90' title='bbox 605 1248 756 1327; x_wconf 92' lang='lat' dir='ltr'>popularis</span> <span class='ocrx_word' id='word_1_91' title='bbox 778 1259 855 1310; x_wconf 87' lang='lat' dir='ltr'>esset</span> <span class='ocrx_word' id='word_1_92' title='bbox 877 1259 909 1308; x_wconf 83' lang='lat' dir='ltr'>et</span> <span class='ocrx_word' id='word_1_93' title='bbox 930 1267 998 1309; x_wconf 92' lang='lat' dir='ltr'>cum</span> <span class='ocrx_word' id='word_1_94' title='bbox 1021 1248 1109 1308; x_wconf 90' lang='lat' dir='ltr'>bonis</span> <span class='ocrx_word' id='word_1_95' title='bbox 1133 1253 1174 1310; x_wconf 88' lang='lat'>60</span> 
     </span>
     <span class='ocr_line' id='line_1_13' title="bbox 144 1335 1109 1414; baseline -0.003 -14"><span class='ocrx_word' id='word_1_96' title='bbox 144 1340 296 1400; x_wconf 88' lang='lat' dir='ltr'>omnibus</span> <span class='ocrx_word' id='word_1_97' title='bbox 318 1349 382 1398; x_wconf 92' lang='lat' dir='ltr'>tum</span> <span class='ocrx_word' id='word_1_98' title='bbox 403 1337 506 1399; x_wconf 86' lang='lat' dir='ltr'>infimo</span> <span class='ocrx_word' id='word_1_99' title='bbox 534 1338 641 1414; x_wconf 90' lang='lat' dir='ltr'>cuique</span> <span class='ocrx_word' id='word_1_100' title='bbox 674 1337 844 1414; x_wconf 88' lang='lat' dir='ltr'>gratissima.</span> <span class='ocrx_word' id='word_1_101' title='bbox 899 1340 969 1398; x_wconf 89' lang='lat' dir='ltr'>Hoc</span> <span class='ocrx_word' id='word_1_102' title='bbox 999 1335 1024 1396; x_wconf 93' lang='lat' dir='ltr'>si</span> <span class='ocrx_word' id='word_1_103' title='bbox 1053 1336 1109 1397; x_wconf 93' lang='lat' dir='ltr'>tibi</span> 
     </span>
     <span class='ocr_line' id='line_1_14' title="bbox 145 1425 1108 1504; baseline -0.003 -16"><span class='ocrx_word' id='word_1_104' title='bbox 145 1431 273 1488; x_wconf 78' lang='lat' dir='ltr'>fortuna</span> <span class='ocrx_word' id='word_1_105' title='bbox 295 1427 423 1503; x_wconf 89' lang='lat' dir='ltr'>quadam</span> <span class='ocrx_word' id='word_1_106' title='bbox 454 1425 632 1504; x_wconf 83' lang='lat' dir='ltr'>contigisset,</span> <span class='ocrx_word' id='word_1_107' title='bbox 663 1429 823 1504; x_wconf 86' lang='lat' dir='ltr'>gratularer</span> <span class='ocrx_word' id='word_1_108' title='bbox 853 1425 985 1486; x_wconf 88' lang='lat' dir='ltr'>felicitati</span> <span class='ocrx_word' id='word_1_109' title='bbox 1018 1435 1108 1501; x_wconf 80' lang='lat' dir='ltr'>tuae3</span> 
     </span>
     <span class='ocr_line' id='line_1_15' title="bbox 136 1513 1109 1596; baseline -0.002 -19"><span class='ocrx_word' id='word_1_110' title='bbox 136 1517 210 1578; x_wconf 68' lang='lat' dir='ltr'>sed</span> <span class='ocrx_word' id='word_1_111' title='bbox 232 1515 355 1593; x_wconf 89' lang='lat' dir='ltr'>contigit</span> <span class='ocrx_word' id='word_1_112' title='bbox 378 1515 582 1594; x_wconf 86' lang='lat' dir='ltr'>magnitudine</span> <span class='ocrx_word' id='word_1_113' title='bbox 605 1533 673 1596; x_wconf 83' lang='lat' dir='ltr'>cum</span> <span class='ocrx_word' id='word_1_114' title='bbox 695 1513 787 1574; x_wconf 91' lang='lat' dir='ltr'>animi</span> <span class='ocrx_word' id='word_1_115' title='bbox 809 1524 872 1574; x_wconf 89' lang='lat' dir='ltr'>tum</span> <span class='ocrx_word' id='word_1_116' title='bbox 889 1513 978 1575; x_wconf 90' lang='lat' dir='ltr'>etiam</span> <span class='ocrx_word' id='word_1_117' title='bbox 997 1514 1109 1592; x_wconf 89' lang='lat' dir='ltr'>ingenii</span> 
     </span>
     <span class='ocr_line' id='line_1_16' title="bbox 141 1601 1111 1682; baseline -0.005 -16"><span class='ocrx_word' id='word_1_118' title='bbox 141 1615 246 1682; x_wconf 86' lang='lat' dir='ltr'>atque</span> <span class='ocrx_word' id='word_1_119' title='bbox 268 1603 392 1665; x_wconf 90' lang='lat' dir='ltr'>consilii.</span> <span class='ocrx_word' id='word_1_120' title='bbox 439 1603 512 1682; x_wconf 89' lang='lat' dir='ltr'>Legi</span> <span class='ocrx_word' id='word_1_121' title='bbox 535 1603 615 1664; x_wconf 90' lang='lat' dir='ltr'>enim</span> <span class='ocrx_word' id='word_1_122' title='bbox 637 1603 807 1664; x_wconf 88' lang='lat' dir='ltr'>contionem</span> <span class='ocrx_word' id='word_1_123' title='bbox 828 1613 927 1679; x_wconf 90' lang='lat' dir='ltr'>tuam;</span> <span class='ocrx_word' id='word_1_124' title='bbox 963 1601 1037 1663; x_wconf 90' lang='lat' dir='ltr'>nihil</span> <span class='ocrx_word' id='word_1_125' title='bbox 1059 1601 1111 1663; x_wconf 91' lang='lat' dir='ltr'>illa</span> 
     </span>
     <span class='ocr_line' id='line_1_17' title="bbox 143 1691 1175 1771; baseline 0.002 -21"><span class='ocrx_word' id='word_1_126' title='bbox 143 1692 332 1771; x_wconf 88' lang='lat' dir='ltr'>.sapientius;</span> <span class='ocrx_word' id='word_1_127' title='bbox 366 1692 407 1752; x_wconf 91' lang='lat' dir='ltr'>ita</span> <span class='ocrx_word' id='word_1_128' title='bbox 428 1691 643 1770; x_wconf 91' lang='lat' dir='ltr'>pedetemptim</span> <span class='ocrx_word' id='word_1_129' title='bbox 666 1703 696 1751; x_wconf 90' lang='lat' dir='ltr'>et</span> <span class='ocrx_word' id='word_1_130' title='bbox 720 1691 865 1769; x_wconf 89' lang='lat' dir='ltr'>gradatim</span> <span class='ocrx_word' id='word_1_131' title='bbox 888 1702 952 1752; x_wconf 93' lang='lat' dir='ltr'>tum</span> <span class='ocrx_word' id='word_1_132' title='bbox 974 1711 1109 1753; x_wconf 89' lang='lat' dir='ltr'>accessus</span> <span class='ocrx_word' id='word_1_133' title='bbox 1134 1695 1175 1770; x_wconf 87' lang='lat'>65</span> 
     </span>
     <span class='ocr_line' id='line_1_18' title="bbox 138 1780 1110 1858; baseline 0.002 -20"><span class='ocrx_word' id='word_1_134' title='bbox 138 1803 169 1842; x_wconf 46' lang='lat' dir='ltr'>ea</span> <span class='ocrx_word' id='word_1_135' title='bbox 193 1792 225 1841; x_wconf 91' lang='lat' dir='ltr'>te</span> <span class='ocrx_word' id='word_1_136' title='bbox 247 1782 286 1840; x_wconf 92' lang='lat' dir='ltr'>ad</span> <span class='ocrx_word' id='word_1_137' title='bbox 309 1800 427 1842; x_wconf 89' lang='lat' dir='ltr'>causam</span> <span class='ocrx_word' id='word_1_138' title='bbox 449 1780 527 1856; x_wconf 86' lang='lat' dir='ltr'>facti,</span> <span class='ocrx_word' id='word_1_139' title='bbox 551 1790 614 1841; x_wconf 93' lang='lat' dir='ltr'>tum</span> <span class='ocrx_word' id='word_1_140' title='bbox 637 1800 777 1855; x_wconf 84' lang='lat' dir='ltr'>recessus,</span> <span class='ocrx_word' id='word_1_141' title='bbox 803 1791 836 1841; x_wconf 97' lang='lat' dir='ltr'>ut</span> <span class='ocrx_word' id='word_1_142' title='bbox 857 1801 904 1841; x_wconf 89' lang='lat' dir='ltr'>res</span> <span class='ocrx_word' id='word_1_143' title='bbox 930 1780 995 1858; x_wconf 89' lang='lat' dir='ltr'>ipsa</span> <span class='ocrx_word' id='word_1_144' title='bbox 1017 1791 1110 1840; x_wconf 90' lang='lat' dir='ltr'>matu-</span> 
     </span>
     <span class='ocr_line' id='line_1_19' title="bbox 147 1867 1108 1930; baseline 0 0"><span class='ocrx_word' id='word_1_145' title='bbox 147 1871 270 1930; x_wconf 86' lang='lat' dir='ltr'>ritatem</span> <span class='ocrx_word' id='word_1_146' title='bbox 305 1869 359 1929; x_wconf 91' lang='lat' dir='ltr'>tibi</span> <span class='ocrx_word' id='word_1_147' title='bbox 389 1869 644 1929; x_wconf 89' lang='lat' dir='ltr'>animadvertendi</span> <span class='ocrx_word' id='word_1_148' title='bbox 674 1867 808 1929; x_wconf 90' lang='lat' dir='ltr'>omniurn</span> <span class='ocrx_word' id='word_1_149' title='bbox 837 1888 982 1930; x_wconf 90' lang='lat' dir='ltr'>concessu</span> <span class='ocrx_word' id='word_1_150' title='bbox 1014 1870 1108 1930; x_wconf 90' lang='lat' dir='ltr'>daret.</span> 
     </span>
     <span class='ocr_line' id='line_1_20' title="bbox 144 1956 1110 2036; baseline 0 -18"><span class='ocrx_word' id='word_1_151' title='bbox 144 1957 299 2020; x_wconf 91' lang='lat' dir='ltr'>Liberasti</span> <span class='ocrx_word' id='word_1_152' title='bbox 322 1957 409 2036; x_wconf 89' lang='lat' dir='ltr'>igitur</span> <span class='ocrx_word' id='word_1_153' title='bbox 433 1968 462 2017; x_wconf 91' lang='lat' dir='ltr'>et</span> <span class='ocrx_word' id='word_1_154' title='bbox 485 1960 590 2018; x_wconf 91' lang='lat' dir='ltr'>urbem</span> <span class='ocrx_word' id='word_1_155' title='bbox 620 1956 751 2035; x_wconf 88' lang='lat' dir='ltr'>periculo</span> <span class='ocrx_word' id='word_1_156' title='bbox 782 1967 812 2018; x_wconf 91' lang='lat' dir='ltr'>et</span> <span class='ocrx_word' id='word_1_157' title='bbox 842 1957 991 2019; x_wconf 90' lang='lat' dir='ltr'>civitatem</span> <span class='ocrx_word' id='word_1_158' title='bbox 1026 1968 1110 2018; x_wconf 91' lang='lat' dir='ltr'>metu</span> 
     </span>
    </p>
   </div>
   <div class='ocr_carea' id='block_1_4' title="bbox 136 2170 604 2518">
    <p class='ocr_par' dir='ltr' id='par_1_4' title="bbox 136 2170 604 2518">
     <span class='ocr_line' id='line_1_21' title="bbox 191 2170 604 2234; baseline 0 -15"><span class='ocrx_word' id='word_1_159' title='bbox 191 2181 233 2234; x_wconf 81' lang='lat'>51.</span> <span class='ocrx_word' id='word_1_160' title='bbox 252 2186 365 2219; x_wconf 73' lang='lat' dir='ltr'>antaee...</span> <span class='ocrx_word' id='word_1_161' title='bbox 379 2170 508 2218; x_wconf 84' lang='lat' dir='ltr'>dilexisse:</span> <span class='ocrx_word' id='word_1_162' title='bbox 522 2186 604 2220; x_wconf 87' lang='lat' dir='ltr'>essere</span> 
     </span>
     <span class='ocr_line' id='line_1_22' title="bbox 136 2240 604 2300; baseline -0.006 -7"><span class='ocrx_word' id='word_1_163' title='bbox 136 2245 339 2294; x_wconf 75' lang='lat' dir='ltr'>innamorato..</span> <span class='ocrx_word' id='word_1_164' title='bbox 353 2255 411 2289; x_wconf 83' lang='lat' dir='ltr'>aver</span> <span class='ocrx_word' id='word_1_165' title='bbox 424 2240 511 2289; x_wconf 91' lang='lat' dir='ltr'>voluto</span> <span class='ocrx_word' id='word_1_166' title='bbox 523 2241 604 2300; x_wconf 73' lang='lat' dir='ltr'>bene,</span> 
     </span>
     <span class='ocr_line' id='line_1_23' title="bbox 136 2311 603 2374; baseline -0.004 -12"><span class='ocrx_word' id='word_1_167' title='bbox 136 2328 242 2362; x_wconf 37' lang='lat' dir='ltr'>famare</span> <span class='ocrx_word' id='word_1_168' title='bbox 271 2325 346 2360; x_wconf 89' lang='lat' dir='ltr'>nasce</span> <span class='ocrx_word' id='word_1_169' title='bbox 373 2311 415 2359; x_wconf 89' lang='lat' dir='ltr'>dal</span> <span class='ocrx_word' id='word_1_170' title='bbox 443 2311 603 2374; x_wconf 84' lang='lat' dir='ltr'>sentimenta,</span> 
     </span>
     <span class='ocr_line' id='line_1_24' title="bbox 140 2381 603 2448; baseline -0.006 -14"><span class='ocrx_word' id='word_1_171' title='bbox 140 2383 260 2448; x_wconf 77' lang='lat' dir='ltr'>diligere</span> <span class='ocrx_word' id='word_1_172' title='bbox 278 2381 346 2430; x_wconf 89' lang='lat' dir='ltr'>dalla</span> <span class='ocrx_word' id='word_1_173' title='bbox 364 2397 533 2442; x_wconf 86' lang='lat' dir='ltr'>conoscenza;</span> <span class='ocrx_word' id='word_1_174' title='bbox 547 2398 603 2448; x_wconf 89' lang='lat' dir='ltr'>per-</span> 
     </span>
     <span class='ocr_line' id='line_1_25' title="bbox 139 2450 604 2518; baseline -0.004 -14"><span class='ocrx_word' id='word_1_175' title='bbox 139 2450 194 2504; x_wconf 81' lang='lat' dir='ltr'>·cid</span> <span class='ocrx_word' id='word_1_176' title='bbox 216 2452 301 2518; x_wconf 91' lang='lat' dir='ltr'>quello</span> <span class='ocrx_word' id='word_1_177' title='bbox 324 2452 433 2518; x_wconf 89' lang='lat' dir='ltr'>esprime</span> <span class='ocrx_word' id='word_1_178' title='bbox 457 2469 493 2502; x_wconf 89' lang='lat' dir='ltr'>un</span> <span class='ocrx_word' id='word_1_179' title='bbox 518 2468 604 2502; x_wconf 88' lang='lat' dir='ltr'>amore</span> 
     </span>
    </p>
   </div>
   <div class='ocr_carea' id='block_1_5' title="bbox 150 2523 610 2592">
    <p class='ocr_par' dir='ltr' id='par_1_5' title="bbox 150 2523 610 2592">
     <span class='ocr_line' id='line_1_26' title="bbox 150 2523 610 2592; baseline -0.002 -19"><span class='ocrx_word' id='word_1_180' title='bbox 150 2524 344 2592; x_wconf 84' lang='lat' dir='ltr'>propriamente</span> <span class='ocrx_word' id='word_1_181' title='bbox 356 2523 427 2573; x_wconf 88' lang='lat' dir='ltr'>detto</span> <span class='ocrx_word' id='word_1_182' title='bbox 439 2539 485 2590; x_wconf 87' lang='lat' dir='ltr'>per</span> <span class='ocrx_word' id='word_1_183' title='bbox 497 2525 610 2573; x_wconf 90' lang='lat' dir='ltr'>inclina-·</span> 
     </span>
    </p>
   </div>
   <div class='ocr_carea' id='block_1_6' title="bbox 132 2594 604 3726">
    <p class='ocr_par' dir='ltr' id='par_1_6' title="bbox 134 2594 604 2659">
     <span class='ocr_line' id='line_1_27' title="bbox 134 2594 604 2659; baseline -0.002 -15"><span class='ocrx_word' id='word_1_184' title='bbox 134 2597 227 2645; x_wconf 69' lang='lat' dir='ltr'>:mione</span> <span class='ocrx_word' id='word_1_185' title='bbox 246 2610 260 2643; x_wconf 92' lang='lat' dir='ltr'>e</span> <span class='ocrx_word' id='word_1_186' title='bbox 278 2594 413 2659; x_wconf 76' lang='lat' dir='ltr'>passione,</span> <span class='ocrx_word' id='word_1_187' title='bbox 424 2603 513 2659; x_wconf 90' lang='lat' dir='ltr'>questo</span> <span class='ocrx_word' id='word_1_188' title='bbox 530 2611 565 2643; x_wconf 91' lang='lat' dir='ltr'>un</span> <span class='ocrx_word' id='word_1_189' title='bbox 578 2611 604 2643; x_wconf 87' lang='lat' dir='ltr'>a·</span> 
     </span>
    </p>

    <p class='ocr_par' dir='ltr' id='par_1_7' title="bbox 137 2665 604 2877">
     <span class='ocr_line' id='line_1_28' title="bbox 150 2665 604 2730; baseline -0.007 -13"><span class='ocrx_word' id='word_1_190' title='bbox 150 2680 226 2717; x_wconf 89' lang='lat' dir='ltr'>more</span> <span class='ocrx_word' id='word_1_191' title='bbox 244 2665 270 2713; x_wconf 90' lang='lat' dir='ltr'>di</span> <span class='ocrx_word' id='word_1_192' title='bbox 289 2665 403 2714; x_wconf 86' lang='lat' dir='ltr'>amicizia</span> <span class='ocrx_word' id='word_1_193' title='bbox 420 2680 466 2730; x_wconf 88' lang='lat' dir='ltr'>per</span> <span class='ocrx_word' id='word_1_194' title='bbox 480 2679 604 2715; x_wconf 88' lang='lat' dir='ltr'>consenso</span> 
     </span>
     <span class='ocr_line' id='line_1_29' title="bbox 148 2736 603 2800; baseline -0.007 -12"><span class='ocrx_word' id='word_1_195' title='bbox 148 2755 165 2788; x_wconf 88' lang='lat' dir='ltr'>e</span> <span class='ocrx_word' id='word_1_196' title='bbox 193 2736 276 2785; x_wconf 83' lang='lat' dir='ltr'>stima.</span> <span class='ocrx_word' id='word_1_197' title='bbox 302 2762 336 2772; x_wconf 90' lang='lat'>-</span> <span class='ocrx_word' id='word_1_198' title='bbox 361 2737 427 2798; x_wconf 88' lang='lat' dir='ltr'>que&#39;d</span> <span class='ocrx_word' id='word_1_199' title='bbox 449 2745 492 2796; x_wconf 91' lang='lat' dir='ltr'>est,</span> <span class='ocrx_word' id='word_1_200' title='bbox 521 2738 603 2800; x_wconf 84' lang='lat' dir='ltr'>qued:</span> 
     </span>
     <span class='ocr_line' id='line_1_30' title="bbox 137 2802 472 2877; baseline -0.006 -19"><span class='ocrx_word' id='word_1_201' title='bbox 137 2809 202 2858; x_wconf 71' lang='lat' dir='ltr'>»che</span> <span class='ocrx_word' id='word_1_202' title='bbox 221 2808 323 2870; x_wconf 87' lang='lat' dir='ltr'>ragione</span> <span class='ocrx_word' id='word_1_203' title='bbox 342 2802 380 2856; x_wconf 72' lang='lat' dir='ltr'>c&#39;e</span> <span class='ocrx_word' id='word_1_204' title='bbox 398 2806 472 2877; x_wconf 30' lang='lat' dir='ltr'>che..</span> 
     </span>
    </p>

    <p class='ocr_par' dir='ltr' id='par_1_8' title="bbox 135 2877 604 3153">
     <span class='ocr_line' id='line_1_31' title="bbox 190 2877 604 2942; baseline 0.005 -17"><span class='ocrx_word' id='word_1_205' title='bbox 190 2887 233 2942; x_wconf 85' lang='lat'>52.</span> <span class='ocrx_word' id='word_1_206' title='bbox 252 2879 365 2927; x_wconf 77' lang='lat' dir='ltr'>servias:</span> <span class='ocrx_word' id='word_1_207' title='bbox 383 2877 480 2942; x_wconf 88' lang='lat' dir='ltr'>rivolga</span> <span class='ocrx_word' id='word_1_208' title='bbox 495 2883 561 2927; x_wconf 86' lang='lat' dir='ltr'>tutta</span> <span class='ocrx_word' id='word_1_209' title='bbox 578 2877 604 2927; x_wconf 91' lang='lat' dir='ltr'>la</span> 
     </span>
     <span class='ocr_line' id='line_1_32' title="bbox 146 2948 604 3013; baseline -0.007 -13"><span class='ocrx_word' id='word_1_210' title='bbox 146 2956 199 3000; x_wconf 81' lang='lat' dir='ltr'>ma</span> <span class='ocrx_word' id='word_1_211' title='bbox 219 2948 367 2998; x_wconf 90' lang='lat' dir='ltr'>attenzione.</span> <span class='ocrx_word' id='word_1_212' title='bbox 388 2975 421 2983; x_wconf 91' lang='lat'>-</span> <span class='ocrx_word' id='word_1_213' title='bbox 441 2956 587 3013; x_wconf 81' lang='lat' dir='ltr'>proponam</span> <span class='ocrx_word' id='word_1_214' title='bbox 596 2966 604 2998; x_wconf 89' lang='lat'>.·</span> 
     </span>
     <span class='ocr_line' id='line_1_33' title="bbox 146 3019 604 3083; baseline -0.004 -13"><span class='ocrx_word' id='word_1_215' title='bbox 146 3019 239 3070; x_wconf 90' lang='lat' dir='ltr'>debbo</span> <span class='ocrx_word' id='word_1_216' title='bbox 268 3019 294 3068; x_wconf 93' lang='lat' dir='ltr'>io</span> <span class='ocrx_word' id='word_1_217' title='bbox 324 3019 392 3083; x_wconf 90' lang='lat' dir='ltr'>porti</span> <span class='ocrx_word' id='word_1_218' title='bbox 421 3019 523 3068; x_wconf 84' lang='lat' dir='ltr'>innanzi</span> <span class='ocrx_word' id='word_1_219' title='bbox 552 3019 604 3083; x_wconf 89' lang='lat' dir='ltr'>agli</span> 
     </span>
     <span class='ocr_line' id='line_1_34' title="bbox 135 3088 592 3153; baseline -0.004 -12"><span class='ocrx_word' id='word_1_220' title='bbox 135 3091 233 3141; x_wconf 77' lang='lat' dir='ltr'>··0cchi.</span> <span class='ocrx_word' id='word_1_221' title='bbox 253 3088 426 3153; x_wconf 88' lang='lat' dir='ltr'>Congiuntivo</span> <span class='ocrx_word' id='word_1_222' title='bbox 444 3089 592 3140; x_wconf 82' lang='lat' dir='ltr'>dubitativo.</span> 
     </span>
    </p>

    <p class='ocr_par' dir='ltr' id='par_1_9' title="bbox 138 3159 602 3296">
     <span class='ocr_line' id='line_1_35' title="bbox 189 3159 602 3226; baseline 0.002 -17"><span class='ocrx_word' id='word_1_223' title='bbox 189 3159 232 3226; x_wconf 83' lang='lat'>58.</span> <span class='ocrx_word' id='word_1_224' title='bbox 246 3161 319 3210; x_wconf 79' lang='lat' dir='ltr'>haud</span> <span class='ocrx_word' id='word_1_225' title='bbox 328 3163 379 3209; x_wconf 82' lang='lat' dir='ltr'>scie</span> <span class='ocrx_word' id='word_1_226' title='bbox 391 3177 441 3211; x_wconf 86' lang='lat' dir='ltr'>an:</span> <span class='ocrx_word' id='word_1_227' title='bbox 459 3161 533 3210; x_wconf 80' lang='lat' dir='ltr'>forse.</span> <span class='ocrx_word' id='word_1_228' title='bbox 550 3159 602 3210; x_wconf 84' lang='lat' dir='ltr'>clr.</span> 
     </span>
     <span class='ocr_line' id='line_1_36' title="bbox 138 3230 602 3296; baseline -0.002 -14"><span class='ocrx_word' id='word_1_229' title='bbox 138 3234 188 3284; x_wconf 90' lang='lat' dir='ltr'>·M.</span> <span class='ocrx_word' id='word_1_230' title='bbox 209 3245 270 3296; x_wconf 89' lang='lat'>400,</span> <span class='ocrx_word' id='word_1_231' title='bbox 283 3232 314 3280; x_wconf 87' lang='grc' dir='ltr'>Α.</span> <span class='ocrx_word' id='word_1_232' title='bbox 334 3230 366 3290; x_wconf 89' lang='grc'>1.;</span> <span class='ocrx_word' id='word_1_233' title='bbox 386 3230 410 3281; x_wconf 90' lang='lat' dir='ltr'>S.</span> <span class='ocrx_word' id='word_1_234' title='bbox 427 3231 484 3291; x_wconf 87' lang='lat'>162,</span> <span class='ocrx_word' id='word_1_235' title='bbox 498 3245 521 3292; x_wconf 85' lang='lat'>2,</span> <span class='ocrx_word' id='word_1_236' title='bbox 536 3247 561 3281; x_wconf 92' lang='lat' dir='ltr'>n.</span> <span class='ocrx_word' id='word_1_237' title='bbox 580 3246 602 3281; x_wconf 91' lang='lat'>1.</span> 
     </span>
    </p>

    <p class='ocr_par' dir='ltr' id='par_1_10' title="bbox 132 3304 604 3726">
     <span class='ocr_line' id='line_1_37' title="bbox 190 3304 603 3367; baseline 0.002 -16"><span class='ocrx_word' id='word_1_238' title='bbox 190 3312 233 3367; x_wconf 86' lang='lat'>59.</span> <span class='ocrx_word' id='word_1_239' title='bbox 253 3310 284 3351; x_wconf 84' lang='lat' dir='ltr'>eet</span> <span class='ocrx_word' id='word_1_240' title='bbox 301 3319 401 3351; x_wconf 85' lang='lat' dir='ltr'>summa</span> <span class='ocrx_word' id='word_1_241' title='bbox 414 3304 535 3352; x_wconf 78' lang='lat' dir='ltr'>severitas</span> <span class='ocrx_word' id='word_1_242' title='bbox 547 3304 603 3352; x_wconf 85' lang='lat' dir='ltr'>ane&#39;·</span> 
     </span>
     <span class='ocr_line' id='line_1_38' title="bbox 139 3373 603 3424; baseline -0.004 0"><span class='ocrx_word' id='word_1_243' title='bbox 139 3374 339 3424; x_wconf 76' lang='lat' dir='ltr'>mdverse‘one&#39;s</span> <span class='ocrx_word' id='word_1_244' title='bbox 358 3388 422 3424; x_wconf 78' lang='lat' dir='ltr'>ecc:</span> <span class='ocrx_word' id='word_1_245' title='bbox 441 3373 488 3423; x_wconf 86' lang='lat' dir='ltr'>che</span> <span class='ocrx_word' id='word_1_246' title='bbox 506 3373 525 3422; x_wconf 92' lang='lat' dir='ltr'>il</span> <span class='ocrx_word' id='word_1_247' title='bbox 538 3390 603 3423; x_wconf 88' lang='lat' dir='ltr'>som-</span> 
     </span>
     <span class='ocr_line' id='line_1_39' title="bbox 143 3441 604 3510; baseline 0 -16"><span class='ocrx_word' id='word_1_248' title='bbox 143 3460 197 3494; x_wconf 75' lang='lat' dir='ltr'>nno</span> <span class='ocrx_word' id='word_1_249' title='bbox 217 3444 298 3508; x_wconf 87' lang='lat' dir='ltr'>rigore</span> <span class='ocrx_word' id='word_1_250' title='bbox 316 3441 384 3494; x_wconf 83' lang='lat' dir='ltr'>della</span> <span class='ocrx_word' id='word_1_251' title='bbox 401 3443 537 3510; x_wconf 87' lang='lat' dir='ltr'>punizione</span> <span class='ocrx_word' id='word_1_252' title='bbox 552 3460 604 3494; x_wconf 90' lang='lat' dir='ltr'>uon</span> 
     </span>
     <span class='ocr_line' id='line_1_40' title="bbox 133 3511 604 3576; baseline 0 -10"><span class='ocrx_word' id='word_1_253' title='bbox 133 3516 210 3566; x_wconf 70' lang='lat' dir='ltr'>-solo</span> <span class='ocrx_word' id='word_1_254' title='bbox 232 3530 283 3565; x_wconf 91' lang='lat' dir='ltr'>nou</span> <span class='ocrx_word' id='word_1_255' title='bbox 305 3515 323 3564; x_wconf 88' lang='lat' dir='ltr'>ti</span> <span class='ocrx_word' id='word_1_256' title='bbox 342 3511 417 3564; x_wconf 81' lang='lat' dir='ltr'>attird</span> <span class='ocrx_word' id='word_1_257' title='bbox 445 3516 461 3563; x_wconf 88' lang='lat' dir='ltr'>l&#39;</span> <span class='ocrx_word' id='word_1_258' title='bbox 470 3515 536 3576; x_wconf 91' lang='lat' dir='ltr'>odio,</span> <span class='ocrx_word' id='word_1_259' title='bbox 562 3532 604 3566; x_wconf 86' lang='lat' dir='ltr'>ma</span> 
     </span>
     <span class='ocr_line' id='line_1_41' title="bbox 132 3582 603 3637; baseline -0.004 0"><span class='ocrx_word' id='word_1_260' title='bbox 132 3586 235 3636; x_wconf 79' lang='lat' dir='ltr'>:anche</span> <span class='ocrx_word' id='word_1_261' title='bbox 261 3587 278 3635; x_wconf 87' lang='lat' dir='ltr'>ti</span> <span class='ocrx_word' id='word_1_262' title='bbox 303 3582 396 3635; x_wconf 84' lang='lat' dir='ltr'>cattivd</span> <span class='ocrx_word' id='word_1_263' title='bbox 422 3586 536 3636; x_wconf 84' lang='lat' dir='ltr'>l’affetto</span> <span class='ocrx_word' id='word_1_264' title='bbox 560 3587 603 3637; x_wconf 90' lang='lat' dir='ltr'>del</span> 
     </span>
     <span class='ocr_line' id='line_1_42' title="bbox 135 3656 604 3726; baseline 0 -18"><span class='ocrx_word' id='word_1_265' title='bbox 135 3657 258 3726; x_wconf 53' lang='lat' dir='ltr'>popolo.</span> <span class='ocrx_word' id='word_1_266' title='bbox 287 3657 314 3709; x_wconf 89' lang='lat' dir='ltr'>si</span> <span class='ocrx_word' id='word_1_267' title='bbox 342 3657 427 3708; x_wconf 84' lang='lat' dir='ltr'>allude</span> <span class='ocrx_word' id='word_1_268' title='bbox 457 3656 508 3708; x_wconf 83' lang='lat' dir='ltr'>alla</span> <span class='ocrx_word' id='word_1_269' title='bbox 538 3673 604 3724; x_wconf 82' lang='lat' dir='ltr'>pena</span> 
     </span>
    </p>
   </div>
   <div class='ocr_carea' id='block_1_7' title="bbox 658 2143 1202 2219">
    <p class='ocr_par' dir='ltr' id='par_1_11' title="bbox 658 2143 1202 2219">
     <span class='ocr_line' id='line_1_43' title="bbox 658 2143 1202 2219; baseline 0 -1"><span class='ocrx_word' id='word_1_270' title='bbox 658 2143 750 2218; x_wconf 72' lang='lat' dir='ltr'>munta</span> <span class='ocrx_word' id='word_1_271' title='bbox 780 2169 812 2218; x_wconf 74' lang='lat' dir='ltr'>aa</span> <span class='ocrx_word' id='word_1_272' title='bbox 839 2169 975 2219; x_wconf 75' lang='lat' dir='ltr'>oolauena</span> <span class='ocrx_word' id='word_1_273' title='bbox 1005 2186 1020 2219; x_wconf 77' lang='lat' dir='ltr'>a</span> <span class='ocrx_word' id='word_1_274' title='bbox 1050 2168 1111 2218; x_wconf 78' lang='lat' dir='ltr'>tutu</span> <span class='ocrx_word' id='word_1_275' title='bbox 1199 2177 1202 2182; x_wconf 89' lang='lat'><em>·</em></span> 
     </span>
    </p>
   </div>
   <div class='ocr_carea' id='block_1_8' title="bbox 656 2240 1110 3637">
    <p class='ocr_par' dir='ltr' id='par_1_12' title="bbox 656 2240 1110 3637">
     <span class='ocr_line' id='line_1_44' title="bbox 659 2240 1110 2305; baseline 0 -17"><span class='ocrx_word' id='word_1_276' title='bbox 659 2240 739 2304; x_wconf 90' lang='lat' dir='ltr'>quelli</span> <span class='ocrx_word' id='word_1_277' title='bbox 758 2241 805 2289; x_wconf 91' lang='lat' dir='ltr'>che</span> <span class='ocrx_word' id='word_1_278' title='bbox 823 2240 864 2288; x_wconf 91' lang='lat' dir='ltr'>col</span> <span class='ocrx_word' id='word_1_279' title='bbox 882 2247 993 2305; x_wconf 89' lang='lat' dir='ltr'>pretesto</span> <span class='ocrx_word' id='word_1_280' title='bbox 1006 2241 1033 2288; x_wconf 92' lang='lat' dir='ltr'>di</span> <span class='ocrx_word' id='word_1_281' title='bbox 1045 2255 1110 2289; x_wconf 91' lang='lat' dir='ltr'>ono·</span> 
     </span>
     <span class='ocr_line' id='line_1_45' title="bbox 658 2309 1110 2361; baseline -0.002 -2"><span class='ocrx_word' id='word_1_282' title='bbox 658 2327 712 2360; x_wconf 88' lang='lat' dir='ltr'>rare</span> <span class='ocrx_word' id='word_1_283' title='bbox 731 2311 756 2359; x_wconf 89' lang='lat' dir='ltr'>la</span> <span class='ocrx_word' id='word_1_284' title='bbox 774 2311 896 2360; x_wconf 84' lang='lat' dir='ltr'>memoria</span> <span class='ocrx_word' id='word_1_285' title='bbox 914 2311 941 2358; x_wconf 91' lang='lat' dir='ltr'>di</span> <span class='ocrx_word' id='word_1_286' title='bbox 955 2309 1047 2361; x_wconf 88' lang='lat' dir='ltr'>Cesare</span> <span class='ocrx_word' id='word_1_287' title='bbox 1060 2325 1110 2359; x_wconf 91' lang='lat' dir='ltr'>con</span> 
     </span>
     <span class='ocr_line' id='line_1_46' title="bbox 658 2381 1109 2444; baseline -0.002 -14"><span class='ocrx_word' id='word_1_288' title='bbox 658 2382 699 2432; x_wconf 87' lang='lat' dir='ltr'>riti</span> <span class='ocrx_word' id='word_1_289' title='bbox 717 2381 829 2444; x_wconf 89' lang='lat' dir='ltr'>religiosi</span> <span class='ocrx_word' id='word_1_290' title='bbox 853 2381 973 2430; x_wconf 86' lang='lat' dir='ltr'>facevano</span> <span class='ocrx_word' id='word_1_291' title='bbox 999 2381 1109 2444; x_wconf 84' lang='lat' dir='ltr'>oltraggi</span> 
     </span>
     <span class='ocr_line' id='line_1_47' title="bbox 658 2451 1108 2517; baseline -0.004 -16"><span class='ocrx_word' id='word_1_292' title='bbox 658 2468 672 2501; x_wconf 92' lang='lat' dir='ltr'>e</span> <span class='ocrx_word' id='word_1_293' title='bbox 691 2453 804 2501; x_wconf 90' lang='lat' dir='ltr'>violenze</span> <span class='ocrx_word' id='word_1_294' title='bbox 818 2469 832 2500; x_wconf 88' lang='lat' dir='ltr'>a</span> <span class='ocrx_word' id='word_1_295' title='bbox 845 2452 932 2517; x_wconf 90' lang='lat' dir='ltr'>quanti</span> <span class='ocrx_word' id='word_1_296' title='bbox 946 2467 998 2500; x_wconf 91' lang='lat' dir='ltr'>non</span> <span class='ocrx_word' id='word_1_297' title='bbox 1011 2451 1108 2501; x_wconf 82' lang='lat' dir='ltr'>fossero</span> 
     </span>
     <span class='ocr_line' id='line_1_48' title="bbox 657 2521 1108 2588; baseline 0 -18"><span class='ocrx_word' id='word_1_298' title='bbox 657 2523 699 2573; x_wconf 89' lang='lat' dir='ltr'>del</span> <span class='ocrx_word' id='word_1_299' title='bbox 726 2523 781 2570; x_wconf 89' lang='lat' dir='ltr'>loro</span> <span class='ocrx_word' id='word_1_300' title='bbox 812 2522 912 2588; x_wconf 88' lang='lat' dir='ltr'>partito.</span> <span class='ocrx_word' id='word_1_301' title='bbox 942 2523 1061 2571; x_wconf 86' lang='lat' dir='ltr'>Pertanto</span> <span class='ocrx_word' id='word_1_302' title='bbox 1089 2521 1108 2570; x_wconf 91' lang='lat' dir='ltr'>il</span> 
     </span>
     <span class='ocr_line' id='line_1_49' title="bbox 657 2589 1107 2659; baseline 0 -17"><span class='ocrx_word' id='word_1_303' title='bbox 657 2593 760 2642; x_wconf 90' lang='lat' dir='ltr'>console</span> <span class='ocrx_word' id='word_1_304' title='bbox 779 2589 934 2659; x_wconf 88' lang='lat' dir='ltr'>imprigiond</span> <span class='ocrx_word' id='word_1_305' title='bbox 947 2593 955 2641; x_wconf 93' lang='lat' dir='ltr'>i</span> <span class='ocrx_word' id='word_1_306' title='bbox 968 2593 1025 2658; x_wconf 88' lang='lat' dir='ltr'>capi</span> <span class='ocrx_word' id='word_1_307' title='bbox 1038 2592 1107 2642; x_wconf 90' lang='lat' dir='ltr'>della</span> 
     </span>
     <span class='ocr_line' id='line_1_50' title="bbox 657 2663 1106 2715; baseline -0.007 -1"><span class='ocrx_word' id='word_1_308' title='bbox 657 2663 784 2714; x_wconf 87' lang='lat' dir='ltr'>sedizione</span> <span class='ocrx_word' id='word_1_309' title='bbox 803 2679 852 2715; x_wconf 90' lang='lat' dir='ltr'>con</span> <span class='ocrx_word' id='word_1_310' title='bbox 870 2664 959 2713; x_wconf 87' lang='lat' dir='ltr'>ordine</span> <span class='ocrx_word' id='word_1_311' title='bbox 983 2665 1030 2713; x_wconf 91' lang='lat' dir='ltr'>che</span> <span class='ocrx_word' id='word_1_312' title='bbox 1048 2663 1057 2712; x_wconf 93' lang='lat' dir='ltr'>i</span> <span class='ocrx_word' id='word_1_313' title='bbox 1077 2663 1106 2712; x_wconf 86' lang='lat' dir='ltr'>li·</span> 
     </span>
     <span class='ocr_line' id='line_1_51' title="bbox 656 2734 1107 2800; baseline 0.002 -17"><span class='ocrx_word' id='word_1_314' title='bbox 656 2735 711 2784; x_wconf 90' lang='lat' dir='ltr'>beri</span> <span class='ocrx_word' id='word_1_315' title='bbox 730 2734 830 2788; x_wconf 75' lang='lat' dir='ltr'>fossero,</span> <span class='ocrx_word' id='word_1_316' title='bbox 844 2734 933 2800; x_wconf 85' lang='lat' dir='ltr'>gettati</span> <span class='ocrx_word' id='word_1_317' title='bbox 952 2734 1020 2784; x_wconf 85' lang='lat' dir='ltr'>dalla</span> <span class='ocrx_word' id='word_1_318' title='bbox 1031 2734 1107 2799; x_wconf 91' lang='lat' dir='ltr'>Rupe</span> 
     </span>
     <span class='ocr_line' id='line_1_52' title="bbox 657 2805 1106 2871; baseline -0.002 -16"><span class='ocrx_word' id='word_1_319' title='bbox 657 2807 757 2871; x_wconf 86' lang='lat' dir='ltr'>Tarpea</span> <span class='ocrx_word' id='word_1_320' title='bbox 777 2823 790 2856; x_wconf 93' lang='lat' dir='ltr'>e</span> <span class='ocrx_word' id='word_1_321' title='bbox 808 2806 845 2870; x_wconf 89' lang='lat' dir='ltr'>gli</span> <span class='ocrx_word' id='word_1_322' title='bbox 864 2806 958 2855; x_wconf 88' lang='lat' dir='ltr'>schlavi</span> <span class='ocrx_word' id='word_1_323' title='bbox 977 2805 1106 2855; x_wconf 89' lang='lat' dir='ltr'>crocilissi.</span> 
     </span>
     <span class='ocr_line' id='line_1_53' title="bbox 693 2876 1103 2942; baseline 0 -16"><span class='ocrx_word' id='word_1_324' title='bbox 693 2877 734 2927; x_wconf 87' lang='lat'>61.</span> <span class='ocrx_word' id='word_1_325' title='bbox 754 2878 841 2942; x_wconf 81' lang='lat' dir='ltr'>infimo</span> <span class='ocrx_word' id='word_1_326' title='bbox 868 2877 977 2940; x_wconf 84' lang='lat' dir='ltr'>cuique:</span> <span class='ocrx_word' id='word_1_327' title='bbox 1004 2893 1019 2924; x_wconf 91' lang='lat' dir='ltr'>a</span> <span class='ocrx_word' id='word_1_328' title='bbox 1043 2876 1103 2926; x_wconf 87' lang='lat' dir='ltr'>tutti</span> 
     </span>
     <span class='ocr_line' id='line_1_54' title="bbox 658 2944 1106 3013; baseline 0.002 -18"><span class='ocrx_word' id='word_1_329' title='bbox 658 2947 692 3011; x_wconf 85' lang='lat' dir='ltr'>gl&#39;</span> <span class='ocrx_word' id='word_1_330' title='bbox 701 2947 789 3008; x_wconf 89' lang='lat' dir='ltr'>infimi,</span> <span class='ocrx_word' id='word_1_331' title='bbox 809 2948 859 2997; x_wconf 85' lang='lat' dir='ltr'>alla</span> <span class='ocrx_word' id='word_1_332' title='bbox 877 2955 953 3011; x_wconf 86' lang='lat' dir='ltr'>gente</span> <span class='ocrx_word' id='word_1_333' title='bbox 964 2944 1009 3013; x_wconf 77' lang='lat' dir='ltr'>piu</span> <span class='ocrx_word' id='word_1_334' title='bbox 1023 2948 1106 2996; x_wconf 87' lang='lat' dir='ltr'>bassa.</span> 
     </span>
     <span class='ocr_line' id='line_1_55' title="bbox 694 3019 1108 3084; baseline 0.002 -17"><span class='ocrx_word' id='word_1_335' title='bbox 694 3020 735 3082; x_wconf 88' lang='lat'>63.</span> <span class='ocrx_word' id='word_1_336' title='bbox 763 3020 862 3084; x_wconf 84' lang='lat' dir='ltr'>ingenii</span> <span class='ocrx_word' id='word_1_337' title='bbox 889 3026 965 3082; x_wconf 81' lang='lat' dir='ltr'>atque</span> <span class='ocrx_word' id='word_1_338' title='bbox 993 3019 1108 3068; x_wconf 82' lang='lat' dir='ltr'>consilii:</span> 
     </span>
     <span class='ocr_line' id='line_1_56' title="bbox 657 3089 1106 3155; baseline -0.002 -16"><span class='ocrx_word' id='word_1_339' title='bbox 657 3098 789 3139; x_wconf 86' lang='lat' dir='ltr'>assennata</span> <span class='ocrx_word' id='word_1_340' title='bbox 813 3089 967 3154; x_wconf 89' lang='lat' dir='ltr'>perspicacia</span> <span class='ocrx_word' id='word_1_341' title='bbox 994 3089 1106 3155; x_wconf 77' lang='lat' dir='ltr'>politica</span> 
     </span>
     <span class='ocr_line' id='line_1_57' title="bbox 693 3161 1110 3225; baseline -0.005 -16"><span class='ocrx_word' id='word_1_342' title='bbox 693 3162 735 3224; x_wconf 81' lang='lat'>65.</span> <span class='ocrx_word' id='word_1_343' title='bbox 753 3161 790 3208; x_wconf 81' lang='lat' dir='ltr'>ita</span> <span class='ocrx_word' id='word_1_344' title='bbox 804 3161 982 3224; x_wconf 80' lang='lat' dir='ltr'>pedetemptim</span> <span class='ocrx_word' id='word_1_345' title='bbox 1007 3168 1031 3209; x_wconf 87' lang='lat' dir='ltr'>et</span> <span class='ocrx_word' id='word_1_346' title='bbox 1046 3176 1110 3225; x_wconf 84' lang='lat' dir='ltr'>gra·</span> 
     </span>
     <span class='ocr_line' id='line_1_58' title="bbox 658 3229 1108 3297; baseline 0.002 -18"><span class='ocrx_word' id='word_1_347' title='bbox 658 3233 737 3281; x_wconf 80' lang='lat' dir='ltr'>detine</span> <span class='ocrx_word' id='word_1_348' title='bbox 745 3245 793 3281; x_wconf 87' lang='lat' dir='ltr'>ecc.</span> <span class='ocrx_word' id='word_1_349' title='bbox 803 3249 812 3280; x_wconf 89' lang='lat'><em>:</em></span> <span class='ocrx_word' id='word_1_350' title='bbox 821 3229 873 3280; x_wconf 89' lang='lat' dir='ltr'>cosi</span> <span class='ocrx_word' id='word_1_351' title='bbox 881 3230 924 3280; x_wconf 89' lang='lat' dir='ltr'>bel</span> <span class='ocrx_word' id='word_1_352' title='bbox 930 3231 999 3280; x_wconf 91' lang='lat' dir='ltr'>bello</span> <span class='ocrx_word' id='word_1_353' title='bbox 1010 3247 1023 3280; x_wconf 93' lang='lat' dir='ltr'>e</span> <span class='ocrx_word' id='word_1_354' title='bbox 1033 3245 1108 3297; x_wconf 89' lang='lat' dir='ltr'>passo</span> 
     </span>
     <span class='ocr_line' id='line_1_59' title="bbox 657 3301 1109 3368; baseline -0.002 -17"><span class='ocrx_word' id='word_1_355' title='bbox 657 3317 732 3367; x_wconf 88' lang='lat' dir='ltr'>passo</span> <span class='ocrx_word' id='word_1_356' title='bbox 747 3302 766 3351; x_wconf 86' lang='lat' dir='ltr'>ti</span> <span class='ocrx_word' id='word_1_357' title='bbox 779 3301 863 3368; x_wconf 86' lang='lat' dir='ltr'>spingi</span> <span class='ocrx_word' id='word_1_358' title='bbox 876 3303 907 3352; x_wconf 87' lang='lat' dir='ltr'>ad</span> <span class='ocrx_word' id='word_1_359' title='bbox 921 3317 1021 3368; x_wconf 87' lang='lat' dir='ltr'>esporre</span> <span class='ocrx_word' id='word_1_360' title='bbox 1034 3317 1109 3351; x_wconf 92' lang='lat' dir='ltr'>come</span> 
     </span>
     <span class='ocr_line' id='line_1_60' title="bbox 658 3371 1108 3438; baseline -0.004 -16"><span class='ocrx_word' id='word_1_361' title='bbox 658 3373 729 3423; x_wconf 84' lang='lat' dir='ltr'>siena</span> <span class='ocrx_word' id='word_1_362' title='bbox 747 3374 838 3424; x_wconf 87' lang='lat' dir='ltr'>audate</span> <span class='ocrx_word' id='word_1_363' title='bbox 860 3372 885 3422; x_wconf 90' lang='lat' dir='ltr'>le</span> <span class='ocrx_word' id='word_1_364' title='bbox 909 3388 999 3423; x_wconf 91' lang='lat' dir='ltr'>cosee</span> <span class='ocrx_word' id='word_1_365' title='bbox 1025 3371 1108 3438; x_wconf 91' lang='lat' dir='ltr'>poiti</span> 
     </span>
     <span class='ocr_line' id='line_1_61' title="bbox 658 3444 866 3503; baseline 0.005 -11"><span class='ocrx_word' id='word_1_366' title='bbox 658 3444 729 3503; x_wconf 88' lang='lat' dir='ltr'>ritiri,</span> <span class='ocrx_word' id='word_1_367' title='bbox 749 3445 795 3495; x_wconf 91' lang='lat' dir='ltr'>che</span> <span class='ocrx_word' id='word_1_368' title='bbox 816 3460 866 3495; x_wconf 87' lang='lat' dir='ltr'>ecc.</span> 
     </span>
     <span class='ocr_line' id='line_1_62' title="bbox 694 3515 1107 3581; baseline -0.005 -17"><span class='ocrx_word' id='word_1_369' title='bbox 694 3515 737 3564; x_wconf 90' lang='lat'>66.</span> <span class='ocrx_word' id='word_1_370' title='bbox 755 3517 944 3565; x_wconf 85' lang='lat' dir='ltr'>maturitatem:</span> <span class='ocrx_word' id='word_1_371' title='bbox 968 3515 993 3563; x_wconf 84' lang='lat' dir='ltr'>la</span> <span class='ocrx_word' id='word_1_372' title='bbox 1015 3520 1107 3581; x_wconf 80' lang='lat' dir='ltr'>pronta</span> 
     </span>
     <span class='ocr_line' id='line_1_63' title="bbox 658 3586 813 3637; baseline 0.006 -1"><span class='ocrx_word' id='word_1_373' title='bbox 658 3586 813 3637; x_wconf 86' lang='lat' dir='ltr'>esecuzione.</span> 
     </span>
    </p>
   </div>
   <div class='ocr_carea' id='block_1_9' title="bbox 0 0 1398 4286">
    <p class='ocr_par' dir='ltr' id='par_1_13' title="bbox 0 0 1398 4286">
     <span class='ocr_line' id='line_1_64' title="bbox 0 0 1398 4286; baseline 0 0"><span class='ocrx_word' id='word_1_374' title='bbox 0 0 1398 4286; x_wconf 95' lang='lat' dir='ltr'> </span> 
     </span>
    </p>
   </div>
  </div>
 </body>
</html>
