2788 4286
329 319 387 356 102

665 315 696 358 lli.
727 315 756 356 Τ.
780 311 943 356 CICERONIS

324 439 466 498 amultis
488 437 577 498 etiam
600 439 699 517 magni
722 459 757 498 ac
779 438 862 498 fortis
892 438 983 498 animi
1006 439 1190 515 iudicatum;
1232 441 1293 500 sed

324 530 415 588 habet
448 527 504 588 ista
536 529 618 600 ratiO,
651 538 683 588 ut
712 528 786 588 mihi
820 529 941 605 quidem
972 527 1099 602 videtur,
1129 530 1289 604 quendam

259 634 298 694 35
324 618 457 693 modum,
482 617 654 696 praesertim
684 637 752 678 cum
781 616 854 677 nihil
876 616 930 676 tibi
954 619 1057 678 deesse
1088 617 1215 678 arbitrer
1246 619 1289 678 ad

323 718 389 766 tuas
422 709 554 767 fortunas
589 725 694 766 omues
726 705 905 766 obtinendas
933 717 1050 783 praeter
1084 709 1286 767 voluntatem.

324 794 372 856 Sic
394 795 474 855 euim
497 794 637 868 intellexi,
663 795 738 854 nihil
760 795 841 854 aliud
865 813 938 868 esse,
962 796 1044 871 quod
1065 795 1289 863 dubitationem

323 885 451 944 adferret
473 884 510 957 ei,
535 903 628 961 penes
650 903 739 960 quem
759 893 804 944 est
833 892 974 962 potestas,
1007 883 1064 944 nisi
1095 886 1177 960 quod
1200 905 1287 944 vere-

323 984 413 1047 retur,
437 992 476 1032 ne
499 984 532 1031 tu
547 973 622 1032 illud
645 972 822 1033 beneficium
838 972 962 1032 omnino
977 991 1040 1033 non
1063 983 1192 1050 putares.
1237 977 1287 1033 De

258 1081 300 1136 40
324 1081 385 1139 quo
407 1061 482 1138 quid
505 1060 639 1136 sentiam,
671 1061 745 1120 nihil
767 1060 872 1121 attinet
895 1061 1001 1134 dicere,
1034 1080 1102 1121 cum
1130 1073 1286 1139 appareat,

324 1151 388 1229 ipse
406 1150 480 1226 quid
503 1150 631 1210 fecerim.
677 1152 737 1211 Sed
753 1161 863 1222 tamen,
889 1150 914 1209 si
932 1151 991 1210 iam
1006 1149 1047 1209 ita
1070 1149 1286 1224 constituisses,

324 1251 356 1300 ut
378 1240 482 1300 abesse
508 1249 652 1318 perpetuo
675 1242 779 1299 malles
808 1258 897 1315 quam
922 1259 965 1313 ea,
998 1257 1074 1316 quae
1105 1240 1209 1312 nolles,
1244 1239 1288 1298 vi-

324 1331 404 1403 dere,
429 1339 529 1388 tamen
551 1328 584 1387 id
607 1327 735 1406 cogitare
759 1329 893 1400 deberes,
918 1327 1099 1404 ubicumque
1131 1347 1219 1399 esses,
1254 1338 1285 1388 te

323 1420 386 1478 fore
409 1417 441 1476 in
464 1417 526 1477 eius
555 1416 654 1494 ipsius,
687 1436 776 1493 quem
806 1418 930 1494 fugeres,
962 1426 1117 1494 potestate.
1166 1416 1229 1491 Qui
1262 1416 1287 1475 si

258 1524 298 1582 45
324 1507 408 1566 facile
431 1525 570 1583 passurus
592 1516 670 1565 esset
692 1515 721 1564 te
744 1515 893 1566 carentem
913 1506 1008 1583 patria
1031 1516 1061 1564 et
1083 1505 1210 1566 fortunis
1226 1505 1286 1565 tuis

324 1594 423 1671 quiete
447 1606 477 1654 et
498 1594 590 1654 libere
614 1594 721 1667 vivere,
754 1593 945 1671 cogitandum
976 1594 1033 1654 tibi
1063 1605 1164 1654 tamen
1194 1605 1285 1666 esset,

323 1685 478 1743 Romaene
501 1693 531 1742 et
554 1683 637 1743 domi
659 1693 735 1754 tuae,
761 1683 940 1743 cuicuimodi
968 1703 1015 1742 res
1045 1693 1131 1756 esset,
1163 1703 1201 1742 an
1227 1683 1288 1743 Mi·

323 1772 431 1851 tylenis
454 1783 505 1832 aut
526 1772 630 1832 Rhodi
659 1774 761 1832 malles
791 1771 899 1832 vivere.
945 1774 1014 1846 Sed,
1048 1791 1117 1832 cum
1142 1771 1190 1830 -ita
1221 1773 1284 1832 late

324 1871 423 1940 pateat
447 1861 508 1920 eius
524 1871 662 1940 potestas,
688 1880 776 1937 quem
801 1879 945 1934 veremur,
963 1871 996 1920 ut
1012 1870 1155 1920 terrarum
1174 1862 1283 1920 orbem

262 1963 300 2025 50
325 1953 479 2028 complexa
499 1948 544 2024 sit,
561 1969 663 2010 nonne
685 1949 778 2009 mavis
794 1949 858 2008 sine
873 1948 1005 2027 periculo
1027 1959 1096 2008 tuae
1116 1948 1201 2008 dorni
1215 1969 1284 2009 esse

324 2059 414 2118 quam
438 2059 505 2099 eum
528 2038 660 2117 periculo
682 2038 820 2108 alienae?
864 2037 1021 2115 Equidem,
1051 2036 1166 2098 etiamsi
1190 2058 1286 2116 oppe·

324 2128 416 2187 tenda
437 2147 517 2187 mors
540 2137 625 2200 esset,
650 2127 732 2188 domi
754 2136 843 2204 atque
866 2127 898 2186 in
921 2127 1015 2204 patria
1045 2128 1164 2186 mallem
1189 2147 1285 2204 quam

324 2217 356 2276 in
379 2215 508 2276 externis
529 2225 618 2291 atque
641 2214 744 2275 alienis
766 2215 849 2275 locis
895 2219 964 2276 Hoc
986 2215 1067 2276 idem
1090 2233 1205 2290 omneS,
1231 2215 1286 2293 qui

323 2317 353 2365 te
376 2304 510 2384 diligunt,
536 2304 687 2379 sentiunt;
727 2323 852 2381 quorum
877 2315 922 2365 est
936 2324 1044 2383 magna
1066 2324 1120 2381 pro
1143 2303 1201 2363 tuis
1219 2325 1286 2364 ma·

259 2409 298 2472 55
323 2393 409 2455 ximis
433 2392 658 2468 clarissimisque
679 2392 836 2452 virtutibus
856 2393 1024 2454 multitudo.
1071 2395 1228 2453 Habemus
1254 2413 1285 2453 e-

360 2603 402 2654 33.
422 2590 469 2638 red
483 2589 557 2637 habet
569 2588 618 2636 ista
632 2587 716 2636 ratio:
735 2603 775 2635 ma

324 2668 420 2711 cotesta
439 2667 482 2708 tua
495 2659 607 2708 maniera
619 2658 646 2705 di
659 2673 774 2723 compor-

325 2732 383 2780 tarti
401 2732 464 2781 deve
483 2747 563 2780 avere.

360 2812 401 2866 35.
415 2804 473 2851 ad...
487 2802 647 2850 obtinendas:
660 2817 706 2865 per
715 2815 776 2848 eon-

325 2888 431 2922 servare.

362 2955 405 3006 39.
430 2959 463 2991 m.
486 2951 514 2992 tu
539 2943 609 2991 illud
631 2943 775 3008 beneficium

323 3028 392 3063 ece:
411 3012 457 3062 che
476 3020 503 3061 tu
523 3010 562 3062 cio
586 3029 639 3062 non
661 3013 776 3063 ritenessi

326 3085 412 3134 affatto
431 3099 504 3132 come
522 3100 558 3133 un
578 3083 709 3134 benefizio.

361 3169 403 3216 41.
417 3156 470 3219 ipse
485 3157 552 3218 quid
558 3156 677 3218 fecerim.
697 3155 776 3204 Vinto

325 3227 439 3291 Pompeo
468 3242 482 3274 a
509 3225 620 3288 Farsalo,
652 3224 776 3275 Cicerone

325 3293 436 3362 implord
448 3296 474 3346 la
487 3297 616 3346 clementa
628 3297 654 3344 di
675 3295 774 3346 Cesare.

361 3381 404 3430 43.
421 3369 572 3432 ubicumque
591 3383 662 3424 esses,
682 3363 774 3432 perche

325 3435 340 3487 ὲ
358 3446 431 3489 usato
449 3439 469 3488 il
488 3438 669 3502 congiuntivo?

360 3510 403 3573 46.
428 3513 511 3575 quiete
535 3517 559 3560 et
591 3510 684 3558 libere:
710 3516 776 3557 tran-

325 3581 408 3647 quillo
427 3598 441 3632 e
460 3581 549 3631 libero.

360 3665 403 3717 47.
414 3653 568 3703 cuicuimodi
575 3668 616 3702 res
627 3659 703 3701 esset:
712 3668 773 3716 qua-

830 2587 927 2652 lunque
938 2586 1005 2636 losse
1017 2582 1042 2636 la
1051 2586 1201 2636 condizione
1214 2586 1288 2635 della

830 2657 987 2724 repubblica.
1009 2657 1170 2706 Cuicuimodi
1187 2677 1222 2696 =
1239 2675 1286 2706 cu-

829 2731 1022 2787 iuscuiusmodi,
1054 2729 1086 2777 da
1116 2729 1236 2790 quisquis
1272 2745 1287 2778 e

830 2802 927 2848 modus.

865 2884 908 2932 49.
929 2872 983 2918 eius
1002 2879 1123 2936 potestas,
1144 2887 1218 2934 quem
1237 2887 1284 2919 ve-

829 2957 936 2990 remur:
955 2942 973 2990 il
992 2949 1080 3007 potere
1098 2941 1124 2990 di
1141 2941 1218 3005 colui,
1233 2942 1286 2992 che

831 3012 958 3070 temiamo,
987 3009 1043 3062 cioe
1066 3013 1091 3060 di
1120 3011 1222 3062 Cesare.
1249 3039 1287 3048 —

830 3091 962 3148 terrarum
982 3086 1083 3132 orbem:
1102 3083 1120 3132 il
1140 3084 1245 3132 mondo.

867 3164 908 3217 51.
934 3155 1039 3214 alienae,
1060 3161 1119 3204 sott.
1144 3155 1229 3203 domi:
1258 3155 1288 3204 in

830 3241 888 3273 casa
906 3224 989 3273 altrui.

867 3305 908 3358 53.
941 3298 1054 3345 externis
1083 3305 1161 3360 atque
1188 3297 1287 3345 alienis

830 3368 908 3415 locis:
927 3368 955 3416 in
980 3367 1050 3432 paesi
1068 3367 1110 3416 del
1135 3375 1202 3416 tutto
1222 3373 1289 3416 stra·

830 3454 902 3486 nien,

867 3519 908 3572 54.
930 3517 1007 3572 pro...
1027 3511 1145 3557 rnaximis
1168 3508 1288 3558 clarissi-

831 3581 928 3643 misque
940 3582 1093 3629 virtutibus:
1106 3587 1186 3630 atteso
1199 3579 1227 3629 le
1240 3587 1290 3631 tue

831 3651 982 3700 moltissime
1000 3652 1032 3701 ed
1050 3650 1232 3700 eccelsedoti.
