2788 4286
348 299 517 344 EPISTULAE
538 299 693 344 SELECTAE
716 315 759 328 ····
782 300 830 344 ΕΡ.
855 301 941 346 XXXI.

1059 298 1116 360 135

157 447 291 506 queres
316 427 407 487 dilata
430 437 475 487 est
497 426 527 486 in
551 436 712 505 posterum.
757 430 804 488 Eo
826 431 925 488 autem
948 425 996 487 die
1013 446 1120 504 magna
1143 443 1186 506 33

161 516 237 577 mihi
259 537 315 595 pro
329 527 380 576 tua
397 514 540 593 dignitate
556 515 708 576 contentio
722 535 790 577 cum
807 514 947 590 Servilio;
984 515 1119 593 quicum

160 605 255 684 gratia
279 605 430 679 effecisset,
455 616 489 664 ut
512 624 564 665 sua
588 605 734 665 sententia
755 604 851 683 prima
868 604 1117 682 pronuntiaretur,

161 699 302 773 frequens
325 713 394 754 eum
418 704 535 754 senatus
557 692 676 771 reliquit
698 693 782 755 etin
805 693 862 754 alia
884 691 985 753 omnia
1011 693 1120 754 disces·

161 783 217 860 sit;
254 802 398 860 meaeque
411 783 581 856 sententiae,
600 801 676 860 quae
695 785 827 844 secunda
842 781 1032 860 pronuntiata
1047 793 1117 855 erat,

159 893 232 932 cum
255 875 423 949 frequenter
445 871 642 932 adsentiretur
669 882 796 947 senatus,
823 882 927 949 rogatu
956 870 1062 932 Servili
1084 874 1118 932 P.
1143 889 1186 944 40

163 960 260 1022 Titius
282 959 455 1021 intercessit.
502 963 565 1020 Res
586 959 617 1020 in
640 971 791 1038 posterum
815 960 916 1021 dilata.
963 959 1054 1019 Venit
1071 979 1120 1037 pa·

161 1060 244 1109 ratus
266 1049 405 1111 Servilius
427 1049 491 1109 Iovi
514 1048 570 1127 ipsi
594 1049 725 1127 iniquus,
756 1049 840 1110 cuius
868 1049 899 1108 in
931 1050 1043 1126 templo
1073 1067 1120 1108 res

158 1139 315 1216 agebatur.
360 1141 453 1200 Hunc
475 1131 564 1216 quem
588 1139 626 1199 ad
648 1139 774 1199 modum
798 1137 935 1216 fregerim
951 1147 1120 1215 quantaque

161 1227 355 1288 contentione
378 1225 492 1287 Titium
508 1227 732 1289 intercessorem
755 1225 924 1302 obiecerim,
941 1245 979 1286 ex
994 1225 1119 1286 aliorum

161 1327 193 1376 te
217 1316 321 1377 litteris
344 1317 424 1375 malo
446 1334 647 1394 cognoscere;
683 1335 775 1376 uuum
798 1319 857 1377 hoc
880 1335 916 1375 ex
947 1314 1041 1374 meis:
1077 1333 1120 1374 se·
1142 1329 1185 1392 45
1341 1317 1342 1332 ¹

160 1415 250 1466 natus
272 1404 395 1483 gravior,
423 1404 613 1479 constantior,
645 1404 767 1466 amicior
798 1405 855 1466 tuis
885 1403 1024 1464 laudibus
1055 1421 1119 1462 esse

160 1513 225 1554 non
249 1493 354 1571 potuit,
377 1504 545 1571 quamtum
568 1493 632 1554 fuit.

678 1496 743 1555 Nec
757 1514 828 1554 vero
843 1492 898 1554 tibi
914 1502 1034 1554 senatus
1048 1491 1120 1551 arni·

160 1583 225 1643 cior
248 1602 336 1660 quam
360 1593 467 1644 cuncta
489 1581 604 1644 civitas:
641 1581 815 1643 mirabiliter
838 1581 919 1643 enim
934 1583 1063 1660 populus
1078 1583 1117 1642 R.

161 1671 318 1731 universus
341 1682 371 1732 et
393 1671 528 1731 omniurn
554 1691 696 1750 generum
729 1671 928 1750 ordinumque
959 1688 1120 1732 consensus

158 1761 202 1820 ad
224 1759 409 1820 liberandam
431 1779 495 1820 rem
518 1781 548 1838 p.
572 1759 763 1838 conspiravit.

159 2008 278 2074 apparire
297 2008 305 2056 i
324 2008 397 2072 segni
419 2008 465 2058 che
490 2013 615 2073 poterano

157 2095 245 2129 essere
264 2079 402 2128 favorevoli
420 2096 436 2128 o
454 2079 581 2128 contrarii.

197 2160 240 2214 35.
260 2151 288 2199 iu
303 2158 455 2216 posterum:
478 2150 503 2200 al
527 2148 553 2199 di
576 2166 615 2199 se-

159 2227 265 2286 guente.

197 2291 240 2354 36.
261 2292 378 2342 Servilio.
399 2291 452 2341 cn.
472 2291 555 2351 XXX,
574 2303 613 2340 12.

199 2373 241 2427 37.
261 2364 369 2428 gratia:
393 2364 436 2429 pel
458 2363 544 2412 favore
568 2361 615 2411 che

158 2434 260 2499 godeva
285 2449 372 2498 presso
401 2435 420 2482 il
447 2442 553 2500 pretore.
581 2459 614 2468 -

161 2513 193 2554 ut
219 2521 267 2554 sua
294 2506 420 2554 sententia
439 2506 529 2569 primu
551 2511 615 2569 pro·

162 2577 349 2624 nuntiaretur:
367 2576 413 2626 che
432 2575 453 2624 si
469 2591 578 2641 ponesse
591 2575 615 2623 ai

160 2646 216 2696 voti
234 2663 280 2712 per
298 2645 379 2711 prima
392 2647 417 2696 la
429 2663 475 2696 sua
486 2653 613 2712 proposta.

198 2715 241 2781 38.
255 2733 312 2766 enm
330 2725 435 2766 senatus
447 2718 560 2781 reliquit.
572 2717 614 2765 ln-

159 2787 234 2837 vitati
252 2788 261 2836 i
283 2789 393 2838 senatori
411 2787 454 2838 dal
471 2787 615 2854 presidente

158 2875 176 2908 a
194 2865 280 2908 votare
303 2859 335 2907 ael
357 2874 409 2908 uno
432 2859 464 2908 ad
489 2873 541 2908 uno
565 2858 614 2924 (di-

160 2931 309 2978 scessionnn
319 2927 432 2994 facere),
446 2930 494 2980 essi
512 2930 533 2978 si
549 2931 613 2978 alza-

161 3016 235 3060 vano,
256 3017 270 3050 e
288 3016 315 3050 se
337 3017 414 3050 erano
437 3000 575 3050 favorevoli
599 3018 614 3050 a

157 3072 203 3120 chi
221 3087 283 3121 avea
307 3072 369 3122 satta
393 3071 419 3120 la
440 3079 566 3137 proposui,
592 3072 614 3120 si

161 3142 325 3192 collocavano
344 3142 412 3192 dalla
429 3149 501 3208 parte
526 3142 552 3191 di
576 3142 613 3192 lui

154 3211 278 3279 ventus
296 3215 325 3262 r'n
343 3215 494 3263 seutentiam
513 3211 569 3277 ire),
586 3229 613 3263 se

159 3299 239 3334 erano
257 3285 384 3344 contrarii,
395 3283 463 3333 dalla
480 3291 552 3349 parte
568 3299 614 3350 op·

161 3362 242 3420 posta.
259 3382 293 3392 -
312 3356 381 3404 etin
400 3355 453 3403 aliu
472 3357 557 3404 omnio
576 3356 614 3404 dr‘·

158 3427 266 3476 acessit:
285 3443 299 3476 e
318 3426 355 3490 gli
373 3422 432 3474 voto
450 3432 547 3475 contro.

197 3509 240 3558 40.
265 3499 297 3546 P.
322 3497 418 3555 Titius,
437 3503 531 3562 rogatu
555 3497 613 3546 Ser·

157 3568 218 3618 oili.
236 3569 265 3617 P.
284 3568 365 3628 Tizio,
385 3568 487 3632 istigato
506 3567 537 3616 da
556 3567 612 3617 Ser·

157 3638 232 3690 vilio.
250 3639 301 3689 Era
319 3645 409 3704 questo
422 3637 494 3688 Tizio
511 3638 613 3687 tribuno

667 1999 736 2056 della
755 2007 847 2073 plebe;
866 2003 952 2072 percio
970 2005 1036 2055 colla
1054 2021 1121 2055 senr-

668 2078 736 2144 plice
755 2080 842 2144 parola
859 2086 915 2128 neto
932 2077 1019 2127 faceva
1040 2092 1121 2142 oppo-

668 2149 764 2200 sizione
782 2150 833 2200 alla
854 2156 975 2216 proposta
998 2149 1025 2197 di
1049 2148 1121 2214 qual·

669 2221 727 2270 siasi
746 2222 900 2286 magistrate,
920 2221 966 2270 che
984 2221 1049 2269 senz'
1057 2219 1121 2268 altro

668 2293 758 2342 veniva
784 2293 904 2358 respinta.
929 2291 993 2340 Tale
1017 2290 1121 2354 opposi-
1173 2352 1180 2363 ι

668 2362 741 2412 zione
760 2379 802 2412 era
821 2364 946 2412 chiamata
966 2361 1119 2410 intercessio.

703 2447 746 2496 41.
751 2442 864 2498 paratus
872 2450 881 2482 :
892 2437 984 2498 pronto
991 2430 1120 2481 allalotta.

703 2517 746 2566 42.
765 2506 825 2553 Ioui
846 2504 897 2568 ipsi
919 2504 1041 2566 iniquus:
1066 2499 1119 2550 cosl

669 2584 812 2640 esasperato
837 2574 869 2623 da
893 2588 946 2622 non
970 2571 1121 2638 perdonarla

669 2661 806 2696 nemmeno
825 2663 839 2694 a
859 2645 947 2695 Giove.

703 2731 746 2781 43.
766 2724 915 2781 quantaque
935 2709 1120 2764 contentione...

669 2789 820 2837 obiecerim:
838 2804 852 2837 e
871 2803 919 2836 con
938 2785 1013 2853 quale
1035 2784 1119 2835 calore

668 2859 745 2908 abbia
762 2858 886 2909 umiliato.

703 2930 746 2991 46.
763 2931 890 2996 gravior:
908 2924 953 2995 piir
975 2932 1100 2977 coerente.

702 3011 745 3063 47.
765 3002 908 3050 Necvero:
928 3015 994 3050 ma...
1008 3013 1067 3048 non.
1086 2996 1121 3046 Al

667 3071 794 3138 principio
815 3071 842 3120 di
855 3087 906 3121 una
934 3069 1118 3137 propositione,

668 3143 695 3192 in
712 3144 792 3207 luogo
816 3142 843 3190 di
868 3159 928 3202 non.
953 3141 1054 3206 quando
1082 3139 1120 3188 sia

667 3214 739 3263 unito
759 3213 825 3263 colle
844 3211 1024 3278 congiunzioni
1042 3211 1118 3268 enim,

666 3300 735 3343 vero,
754 3292 847 3340 tamen,
865 3285 955 3350 igitur,
969 3283 989 3332 si
1008 3282 1063 3330 dice
1078 3295 1119 3329 or-

667 3355 852 3405 dinariamente
871 3370 949 3404 neco
967 3369 1055 3417 neque.

701 3439 744 3488 49.
764 3427 878 3475 omnium
900 3440 1022 3490 generum
1051 3422 1120 3470 ordi·

666 3513 780 3560 numque
799 3513 950 3546 consensus:
970 3493 1050 3544 tuttii
1069 3491 1124 3544 ceti

667 3582 681 3616 e
700 3567 725 3617 le
744 3567 817 3617 classi
837 3567 863 3615 di
875 3565 990 3615 cittadini
1002 3581 1047 3629 per
1059 3579 1122 3613 con-

666 3653 740 3688 senso
759 3639 888 3687 unanime.
