2788 4286
315 295 375 350 126
652 307 686 351 n.
711 307 739 349 τ.
764 305 926 352 cressonis

308 450 406 507 neque
418 432 512 490 solum
524 431 562 490 ad
578 439 695 508 tempus
710 429 869 496 maximam
884 431 1040 492 utilitatem
1054 431 1188 507 attulisti,
1205 437 1269 496 sed‘

242 539 285 598 70
309 519 398 580 etiam
421 521 459 580 ad
482 521 660 596 exemplum.
705 521 774 595 Quo
791 522 868 581 sacto
884 519 1053 606 intellegere
1074 523 1168 582 debes
1183 522 1215 582 in
1232 535 1267 584 te

308 608 435 687 positam
458 626 523 668 esse
544 627 608 666 rem
630 628 659 684 p.
682 607 795 686 tibique
822 627 883 668 non
912 610 1005 668 modo
1034 612 1171 680 tuendos,
1205 614 1263 672 sed

308 696 397 758 etiam
420 697 569 758 ornandos
592 715 655 756 esse
678 697 745 757 illos
767 695 852 770 viros,
878 696 1025 774 aquibus
1039 697 1156 758 initium
1172 698 1265 760 liber-

308 786 375 845 tatis
397 787 561 864 profectum
580 794 639 846 est.
678 787 738 846 Sed
760 785 806 845 his
821 787 859 846 de
875 788 964 846 rebus
978 805 1078 848 coram
1093 789 1178 864 plura
1193 808 1265 865 pro·

306 873 435 952 pediem,
460 884 493 934 ut
517 891 613 950 spero.
658 877 706 934 Tu
729 874 870 950 quoniam
892 893 954 934 rem
980 895 1010 952 p.
1041 894 1156 952 nosque
1188 897 1261 937 con·

242 981 281 1042 75
307 982 413 1037 servas,
437 964 491 1036 sac,
517 970 549 1020 ut
563 961 785 1039 diligentissime
800 973 831 1023 te
846 961 951 1040 ipsum,
968 963 1010 1024 mi
1025 966 1191 1038 Dolabella,
1207 985 1268 1026 cu·-

303 1051 425 1112 stodias.

339 1230 381 1295 69.
400 1231 437 1280 ad
451 1238 562 1294 tempus:
587 1246 634 1295 per
651 1229 676 1278 le
694 1246 750 1294 pre·
841 1240 881 1292 72.
907 1231 965 1280 illos
988 1233 1067 1292 viros,
1092 1229 1147 1282 ciob
1168 1234 1264 1292 Bruto,

302 1301 368 1351 senti
387 1303 546 1351 circostanze.
715 1343 717 1348 .
804 1299 892 1350 Cassio
914 1318 928 1352 e
952 1303 989 1367 gli
1012 1303 1069 1352 altri
1097 1304 1206 1354 uccisori
1231 1306 1265 1354 dt

338 1384 379 1436 70.
398 1374 436 1420 ad
452 1373 609 1436 exemplam:
631 1377 678 1437 'per
699 1371 750 1421 l'e-
804 1371 904 1424 Cesare.
1143 1397 1144 1402 ¹
1260 1395 1264 1406 ·

301 1443 400 1509 senrpio
418 1445 464 1493 che
482 1443 525 1492 hai
541 1443 608 1493 dato.
840 1455 881 1507 73.
902 1459 1001 1494 coram:
1018 1461 1033 1493 a
1050 1461 1119 1496 voce.

678 1643 878 1652 ——-—-—-—

562 1837 674 1896 XXlX.
697 1831 752 1915 (ad
771 1836 860 1895 Fam.
883 1837 920 1908 X,
950 1833 990 1910 1).

333 1976 423 2026 Esorta
440 1977 535 2026 Planco
554 1993 568 2026 a
584 1977 716 2026 difendere
734 1977 759 2026 la
771 1976 922 2042 repubblica
939 1980 1026 2024 contro
1038 1972 1064 2022 la
1076 1973 1194 2024 smodata
1207 1990 1261 2042 po·-

224 2102 226 2108 .
298 2055 371 2096 tenza
388 2047 414 2096 di
432 2047 551 2096 Antonio.
574 2047 664 2097 Scritta
682 2049 714 2096 da
726 2049 809 2096 Roma
826 2047 895 2112 dopo
912 2047 932 2095 il
950 2058 981 2107 19
994 2045 1131 2095 settembre
1143 2045 1186 2096 del
1201 2055 1264 2107 710

296 2115 361 2181 (44)·

596 2259 723 2310 cronno
744 2258 884 2309 eunuco
901 2257 944 2323 (*)·

338 2387 377 2446 Et
399 2384 459 2446 afui
481 2383 669 2464 proficiscens
692 2383 723 2444 in
746 2384 900 2446 Graeciam
916 2395 953 2456 et,
972 2393 1075 2462 postea
1096 2403 1187 2460 quam
1210 2386 1261 2444 de

294 2475 395 2535 medio
418 2494 504 2536 cursu
527 2474 570 2534 rei
592 2495 621 2552 p.
647 2495 712 2534 sum
726 2494 799 2535 voce
822 2484 986 2544 revocatus,
1011 2491 1174 2549 numquam
1196 2493 1260 2551 per

327 2716 361 2784 (*)
386 2720 466 2768 Lucio
491 2719 609 2769 Munazio
639 2719 741 2776 PlancO,

294 2798 375 2839 morto
395 2790 495 2849 Cesare,
508 2791 534 2840 di
551 2791 591 2840 cui
611 2806 652 2839 era
665 2790 742 2855 parti·

292 2861 376 2924 glano,
396 2861 424 2909 iu
443 2860 495 2910 cosi
514 2868 615 2910 attratto
634 2860 702 2925 dagli
716 2877 740 2911 e·

291 2930 345 2995 logi
363 2931 390 2979 di
409 2930 532 2982 Cicerone
553 2949 567 2982 e
590 2931 659 2980 dalla
683 2947 741 2997 spe·

291 3017 365 3051 ranas
393 3003 419 3050 di
450 3018 523 3052 avere
553 3019 605 3052 una
631 3002 740 3069 qualche

291 3078 362 3138 parte
386 3072 430 3122 nel
453 3087 564 3138 governo
590 3074 658 3123 della
682 3090 740 3123 cosa

290 3142 420 3209 pubblica,
439 3144 525 3193 chesi
544 3141 622 3194 lascio
644 3145 739 3210 guada-

289 3229 367 3278 gnare
395 3214 446 3264 alla
470 3231 545 3264 causa
573 3215 614 3265 del
642 3224 737 3265 senato.

288 3286 365 3349 Dopo
383 3301 441 3336 aver
460 3284 597 3336 sacrificato
616 3286 713 3351 perfino
728 3286 737 3336 i

288 3356 350 3406 beni
368 3373 382 3406 e
400 3358 425 3405 la
443 3357 494 3406 vita
513 3356 539 3405 di
557 3373 603 3406 suo
628 3357 735 3417 fratello,

289 3433 400 3487 ottenne,
420 3425 460 3478 cib
478 3429 525 3478 che
544 3443 586 3477 era
604 3434 669 3477 stato
692 3444 737 3493 per

288 3505 358 3547 tanto
370 3507 456 3565 tempo
471 3500 499 3549 in
511 3499 577 3548 eima
589 3500 610 3548 a'
626 3499 681 3547 suoi
694 3499 735 3549 de·

287 3569 371 3630 sideri,
391 3572 416 3621 di
433 3587 515 3621 essere
528 3576 612 3620 creato
625 3571 734 3620 console.

286 3641 357 3690 Avea
375 3643 492 3693 meritato
505 3642 523 3691 il
537 3640 610 3690 titolo
628 3641 735 3706 d'impc·

796 2727 870 2768 rator
888 2718 956 2768 nella
970 2719 1055 2768 Gallia
1067 2718 1257 2784 Transalpina,¹

796 2789 863 2839 della
882 2790 957 2854 quale
976 2806 1018 2840 era
1030 2789 1108 2839 allora
1122 2805 1251 2854 governa-

796 2867 857 2910 tore.
878 2859 932 2910 Cfr.
953 2861 1029 2910 XXII
1047 2857 1089 2926 (³).

833 2945 854 2982 1.
872 2933 934 2982 Et...
949 2939 979 2982 et.
997 2933 1045 2982 Per
1057 2932 1162 2982 rendere
1180 2934 1249 2999 spic-

793 3010 848 3051 cata
867 3003 986 3053 l'antitesi
1001 3003 1027 3051 di
1038 3003 1089 3053 due
1103 3003 1186 3052 azioni
1199 3005 1253 3056 che

793 3073 814 3122 si
835 3073 1056 3139 rapportano'allo
1083 3081 1163 3123 stesso
1188 3091 1249 3140 sog·

793 3150 871 3208 gebo,
891 3144 899 3193 i
917 3145 990 3194 latini
1016 3144 1126 3193 univano
1145 3145 1170 3196 le
1196 3147 1256 3198 due

792 3216 963 3281 proposizioni
973 3231 1021 3265 con
1035 3224 1078 3264 et·
1089 3225 1119 3266 et.
1133 3215 1184 3266 Nel
1198 3224 1250 3267 tra-

791 3286 867 3336 durre
887 3283 950 3352 pero
966 3288 1010 3352 qui
1023 3287 1084 3352 puoi
1100 3286 1249 3340 tralasciare

792 3356 811 3405 il
829 3357 920 3422 primo.
939 3383 973 3394 -
992 3358 1059 3422 afui,
1082 3366 1139 3408 sott.
1155 3360 1252 3410 Roma.

791 3453 824 3463 -
844 3430 872 3476 in
895 3429 1034 3478 Graeciam.
1053 3429 1130 3494 Dopo
1156 3429 1181 3477 la
1201 3446 1246 3480 uc·

790 3499 886 3550 cisione
905 3499 931 3548 di
951 3499 1050 3562 Cesare,
1069 3500 1200 3550 facendosi
1217 3503 1249 3552 in

790 3570 873 3619 Roma
892 3577 957 3619 tutto
977 3570 1009 3619 ad
1027 3571 1131 3620 arbitrio
1150 3573 1176 3620 di
1189 3573 1251 3622 An·-

789 3642 867 3702 touio,
883 3642 1006 3693 Cicerone
1018 3640 1083 3707 parti
1102 3642 1153 3693 alla
1172 3644 1248 3695 volta
