2786 4280
235 267 240 280 '
314 270 496 337 'rrrsrutrn
519 295 676 338 sanncrar
697 309 740 326 -
764 296 811 343 aa.
835 297 865 345 v.
1032 301 1047 340 α
1054 299 1069 360 5

113 430 188 482 sunt
205 419 314 480 omnia.
353 419 481 481 Varroni
503 440 551 481 me
574 421 659 481 iubes
675 440 762 499 agere
777 421 893 500 gratias.
932 422 1054 485 Faciam
1063 428 1102 500 ‚r

112 509 190 570 item
213 513 364 588 Hypsaeo.
411 510 502 585 Quod
524 510 638 582 suadeS,
664 529 702 570 ne
731 512 849 588 longius
872 511 1070 588 discedamus,

112 600 191 659 dum
214 608 279 659 acta
301 596 412 657 mensis
434 597 497 658 Mai
512 599 551 658 ad
574 619 629 659 nos
647 601 838 676 perferantur,
863 611 937 677 puto
959 622 1008 662 me
1031 603 1072 664 ita
1095 622 1142 684 35,

110 707 180 748 esse
214 689 368 759 facturum,
402 687 464 759 sed,
496 686 558 762 ubi,
594 689 730 748 nondum
761 689 870 764 statui;
909 699 997 767 atque
1031 690 1072 752 ita

109 777 290 856 perturbato
313 794 379 835 sum
402 774 502 836 animo
525 777 563 836 de
586 775 710 852 Quinto,
735 787 768 836 ut
790 777 864 838 nihil
884 797 991 856 queam
1015 791 1070 840 sta·

108 877 206 939 tuere,
232 865 285 924 sed
309 873 410 924 tamen
433 864 531 924 statim
554 874 585 924 te
606 864 712 926 faciam
734 866 900 927 certiorem.

153 955 203 1013 Ex
227 951 418 1030 epistularum
442 972 575 1014 mearum
606 953 805 1015 inconstantia
831 966 904 1034 puto
935 964 964 1016 te
987 976 1069 1018 men·

107 1043 145 1103 tis
170 1061 258 1102 meae
280 1051 394 1101 motum
417 1041 528 1115 videre,
553 1042 613 1118 qui,
646 1042 700 1103 etsi
723 1043 891 1106 incredibili
917 1054 947 1106 et
968 1044 1067 1123 singu·
1092 1068 1134 1122 40

105 1130 162 1191 lari
188 1130 354 1191 calamitate
383 1130 518 1191 adflictus
549 1148 623 1204 sum,
655 1144 756 1192 tamen
785 1152 847 1192 non
870 1143 930 1193 tam
960 1143 1004 1194 est
1032 1154 1069 1194 ex

105 1218 230 1280 miseria
253 1237 341 1296 quam
366 1237 403 1278 ex
432 1221 538 1297 culpae
561 1230 679 1280 nostrae
708 1221 915 1282 recordatione
937 1242 1067 1283 commo·

105 1321 165 1370 tus.
216 1307 309 1370 Cuius
332 1307 411 1367 enim
434 1310 543 1370 scelere
558 1307 678 1387 impulsi
699 1330 736 1370 ac
757 1310 867 1388 proditi
890 1310 989 1384 simus,
1008 1311 1067 1372 iam

105 1399 249 1476 profecto
271 1395 364 1470 vides,
389 1405 478 1474 atque
501 1397 614 1456 utinam
645 1397 703 1458 iam
726 1408 795 1460 ante
818 1398 940 1460 vidisses
969 1419 1067 1477 neque

105 1497 207 1547 totum
242 1485 375 1546 animum
405 1495 490 1545 tuum
520 1485 611 1545 errori
640 1506 760 1548 mecum
794 1487 882 1548 simul
912 1488 1066 1550 dedissesl
1091 1508 1138 1568 45,⁴

106 1577 220 1652 Quare,
247 1592 316 1635 cum
339 1593 387 1634 me
413 1572 566 1634 adflictum
597 1584 627 1634 et
649 1578 818 1637 conlectum
848 1580 931 1638 luctu
953 1577 1065 1653 audies,

106 1663 279 1724 existimato
315 1681 364 1721 me
393 1663 535 1723 stultitiae
564 1683 649 1724 meae
679 1684 808 1743 poenam
842 1668 918 1726 ferre
950 1666 1066 1744 gravius

105 1771 203 1830 quam
233 1750 348 1824 eventi,
380 1752 463 1828 quod
493 1751 521 1811 ei
549 1752 740 1828 crediderim,
772 1774 861 1831 quem
893 1773 957 1815 esse
987 1758 1066 1815 nesa-
1155 1771 1158 1778 ·

105 1841 187 1902 rium
213 1861 278 1901 non
301 1839 440 1919 putarim.
484 1842 582 1902 Meet
604 1861 739 1902 meorum
754 1845 900 1903 malorum
923 1844 1067 1904 memoria

104 1941 133 1991 et
170 1939 272 1990 metus
302 1930 341 1990 de
374 1930 463 1989 fratre
496 1928 528 1988 in
558 1929 717 1990 scribendo
745 1929 880 2009 impedit.
931 1935 978 1992 Tu
1012 1933 1067 1993 ista
1092 1951 1139 2011 50«

105 2017 214 2080 omnia
234 2017 304 2078 vide
328 2027 358 2078 et
378 2018 522 2096 guberna.
561 2019 702 2080 Terentia
723 2018 778 2079 tibi
794 2020 942 2081 maximas
958 2021 1065 2099 gratias

102 2215 128 2263 di
167 2213 273 2271 danaro,
305 2227 366 2261 avea
394 2215 511 2261 sottratto
540 2211 560 2260 il

101 2285 223 2350 principe
260 2283 374 2332 Armeno
405 2281 429 2330 ai
460 2282 560 2332 custodi

102 2372 149 2421 per
179 2353 329 2403 ricondurlo
353 2353 380 2402 in
405 2353 493 2418 patria.
518 2354 560 2402 Ad

101 2427 187 2476 Anzio
208 2439 320 2475 avvenne
339 2439 390 2474 una
414 2424 477 2473 lotta
495 2424 559 2474 irai

102 2498 160 2546 suoi
180 2496 286 2560 seguaci
305 2512 319 2544 e
338 2494 418 2561 quelli
442 2494 485 2544 del
503 2511 560 2560 pre·

102 2577 157 2618 tore
176 2567 276 2625 Flavio,
290 2567 373 2615 amico
393 2566 419 2614 di
436 2567 558 2630 Pompeo,

102 2639 204 2705 iqnali
223 2637 307 2688 ultimi
333 2637 425 2686 furono
451 2636 478 2685 in
496 2652 559 2700 gran

101 2718 174 2775 parte
195 2709 265 2759 feriri
284 2707 316 2758 ed
335 2708 420 2758 uccisi.
444 2708 559 2772 Pompeo

100 2781 292 2830 naturalmente
326 2779 406 2830 dovea
436 2778 559 2828 risentirsi

101 2853 127 2900 di
147 2858 241 2918 questa
255 2846 372 2900 temeriti
385 2849 427 2899 del
447 2849 557 2909 tribuno,

101 2939 115 2972 e
133 2922 263 2973 Cicerone
284 2937 389 2986 sperava
413 2921 440 2969 di
466 2915 576 2970 averne'

99 2994 250 3059 vantaggio.
277 2992 329 3042 Ora
352 2988 414 3057 perd
433 2991 558 3042 comincia

100 3083 115 3114 a
128 3073 228 3116 temere
242 3064 290 3115 che
303 3063 329 3112 la
341 3077 401 3112 cosa
413 3079 465 3112 non
481 3062 557 3112 abbia

101 3151 289 3201 oonseguenze.

136 3221 180 3272 33.
220 3206 342 3255 Varroni.
373 3204 425 3255 etr.
460 3205 480 3265 I,
513 3204 555 3255 61.

100 3277 219 3328 Varrone
231 3283 308 3342 potea
318 3276 399 3325 molto
409 3276 555 3325 sullanimo

101 3349 127 3397 di
145 3350 271 3414 Pompeo.

137 3433 181 3484 34.
191 3420 319 3484 Hypsaeo.
329 3420 357 3468 P.
367 3417 470 3468 Plauzio
479 3419 555 3483 Ipseo

102 3506 146 3540 era
163 3490 248 3541 amico
267 3490 374 3540 schietto
389 3488 416 3537 di
431 3489 553 3554 Pompeo,

102 3561 130 3610 di
148 3563 190 3612 cui
203 3562 232 3610 su
246 3568 363 3628 questore
376 3559 446 3610 nella
463 3575 554 3624 guerra

101 3641 191 3684 contro
210 3633 347 3684 Mitridate.

652 2223 694 2276 35.
719 2221 798 2266 acta:
825 2215 862 2279 gli
889 2215 936 2264 atti
960 2213 1066 2265 ufficiali

614 2284 656 2333 del
674 2283 776 2334 Senato.

650 2355 692 2419 36.
711 2357 758 2404 sed
772 2357 823 2416 ubi,
837 2363 895 2406 sott.
914 2373 1064 2406 mansurus.

650 2439 690 2490 39.
702 2427 746 2474 Ex
754 2428 925 2491 epistularum
935 2442 994 2486 ecc„
1005 2441 1065 2475 con·

613 2496 697 2546 fronte
718 2496 758 2548 18.

648 2580 692 2628 42.
724 2584 756 2623 ex
781 2569 871 2632 culpae
894 2575 1000 2616 nostrae
1023 2583 1065 2616 re-

614 2639 767 2688 cordatione.
787 2638 881 2688 Allude
894 2637 944 2686 allo
964 2638 1064 2702 sbaglio

613 2711 646 2759 da
663 2709 700 2758 lui
719 2709 783 2758 fatto
796 2709 822 2758 di
842 2725 894 2758 non
907 2724 965 2759 aver
983 2715 1064 2760 accet-

614 2788 666 2830 tato
678 2779 704 2828 di
717 2780 810 2845 partire
823 2795 871 2829 con
882 2779 974 2830 Cesare
987 2780 1064 2846 quale

613 2853 712 2917 legatus
730 2851 799 2900 nella
823 2851 915 2912 Gallia,
934 2851 1064 2916 lusingato

613 2922 682 2972 delle
695 2938 824 2987 promesse
842 2923 869 2972 di
881 2924 1003 2989 Pompeo,
1016 2924 1064 2974 che

611 2993 656 3058 poi
668 2993 694 3041 lo
712 2992 791 3044 lascid
804 2995 831 3043 in
843 2994 912 3044 balla
922 2995 949 3043 di
962 2993 1061 3043 Clodio.

610 3064 670 3112 Εἰ]
691 3066 765 3113 cuius
792 3066 839 3115 che
857 3081 935 3130 segue
958 3065 979 3114 si
1003 3064 1062 3114 rife-

611 3135 675 3186 risce
694 3143 808 3200 appunto
828 3153 842 3185 a
859 3137 981 3202 Pompeo.

645 3205 688 3267 48.
709 3208 780 3270 quod
789 3209 813 3257 ei
823 3208 993 3256 crediderim:
1004 3222 1062 3271 per·

609 3272 657 3325 che
683 3278 718 3326 mi
742 3276 809 3329 fidat.
841 3277 917 3339 Quod
940 3291 1017 3341 regge
1042 3276 1061 3324 il

609 3349 775 3412 congiuntivo
793 3346 888 3415 perche
906 3348 1063 3414 dipendente

609 3417 637 3466 in
657 3419 767 3470 secondo
786 3419 873 3485 grado.

645 3499 686 3554 50.
700 3493 750 3539 ista
763 3492 867 3540 omnio:
885 3497 951 3540 tutto
963 3495 1062 3555 quanto

608 3562 702 3611 accade
720 3558 798 3612 costi.
