2786 4280
331 310 501 354 uersuum
524 307 679 352 subactae
703 325 744 338 -
769 309 816 353 ΕΡ.
841 310 919 354 11·111.
1066 308 1103 370 15

413 618 465 678 ΙΙΙ.
489 615 546 695 (ad
557 617 686 678 Attt'cum
708 620 744 691 Π,
773 617 837 695 24).

181 791 259 857 Dopo
278 807 337 841 aver
354 799 460 857 pregato
479 793 564 842 Attico
583 794 630 843 che
647 809 730 858 venga
748 810 763 842 a
783 794 873 852 Roma,
893 792 929 857 gli
948 801 1066 844 racconta
1078 794 1104 844 la

144 868 227 913 trama
244 862 328 912 ordita
346 863 379 912 da
397 863 489 913 Vezzio
508 871 596 914 contro
614 865 700 914 alcuni
719 864 834 914 cittadini
851 864 884 914 da
902 863 939 912 lui
963 865 1102 915 calunniati

144 934 171 983 di
190 949 266 984 avere
285 940 408 984 attentato
426 934 476 984 alla
495 935 546 984 vita
564 935 591 984 di
603 937 724 1000 Pompeo,
738 953 752 986 e
765 936 790 985 la
804 935 873 986 delib
889 934 989 985 racione
1002 936 1044 986 del
1057 935 1102 986 Se·

143 1011 207 1054 nato
225 1004 253 1054 in
272 1006 420 1070 proposit0;
446 1020 557 1056 accenna
581 1006 632 1056 allo
650 1013 715 1058 stato
738 1006 841 1057 infelice
866 952 933 1057 ‹ielle
958 1021 1016 1056 cose
1042 1007 1102 1056 edi

142 1091 231 1126 nuovo
248 1075 276 1126 lo
294 1091 373 1142 prega
391 1094 405 1126 a
424 1083 524 1126 tornare
542 1077 570 1126 in
587 1080 678 1128 Roma.
697 1078 789 1128 Scritta
806 1077 963 1143 nell'agosto
988 1078 1030 1128 del
1049 1077 1100 1142 695

143 1145 214 1212 (59)-

439 1361 567 1412 CICERO
585 1362 719 1412 ATTICO
738 1362 810 1413 SAL.
866 1416 868 1419 .

187 1507 272 1583 Quas
294 1506 451 1567 Numestio
480 1506 592 1567 litteras
622 1506 702 1582 dedi,
730 1506 773 1569 sic
799 1517 829 1568 te
858 1506 894 1567 iis
927 1509 1098 1582 evocabam,

139 1605 176 1656 ut
198 1593 275 1655 nihil
297 1593 394 1656 acrius
416 1614 515 1673 neque
538 1594 685 1658 incitatius
708 1595 772 1657 fieri
794 1607 903 1674 posset.
946 1597 996 1656 Ad
1018 1589 1100 1656 illam

139 1684 327 1747 celeritatem
349 1685 428 1744 adde
451 1683 548 1758 etiam,
574 1684 691 1762 siquid
714 1695 809 1764 potes.
848 1688 894 1747 Ac
912 1705 951 1745 ne
974 1683 1013 1745 sis
1035 1705 1100 1764 per·

138 1775 278 1834 turbatus
300 1771 384 1850 (novi
406 1772 487 1832 enim
512 1784 541 1833 te
564 1784 595 1833 et
615 1793 678 1834 non
700 1773 813 1852 ignoro,
843 1792 933 1850 quarn
956 1773 993 1833 sit
1015 1794 1099 1835 arnor

139 1859 241 1923 omnis
270 1860 413 1923 sollicitus
434 1871 524 1938 atque
554 1861 670 1941 anxius)
682 1880 690 1938 ;
722 1863 775 1922 sed
797 1881 844 1922 res
867 1874 919 1938 est,
944 1873 978 1922 ut
1000 1882 1097 1940 spero,
1125 1872 1143 1933 5

138 1969 207 2012 non
229 1960 290 2010 tam
314 1949 394 2012 exitu
416 1953 541 2012 molesta
563 1969 652 2028 quarn
675 1949 767 2012 aditu.
815 1951 933 2011 Vettius
959 1950 1017 2025 ille,
1049 1951 1098 2012 ille

137 2041 243 2100 noster
257 2038 357 2112 index,
376 2038 502 2112 Caesari,
520 2048 553 2098 ut
573 2039 777 2117 perspicimus,
800 2038 949 2118 pollicitus
972 2051 1017 2100 est
1033 2060 1098 2101 sese

139 2136 324 2202 curaturum,
350 2138 382 2188 ut
403 2128 436 2188 in
458 2128 587 2206 aliquam
614 2126 813 2206 suspicionem
844 2127 982 2190 facinoris
1006 2129 1097 2191 Curio

137 2215 220 2276 filius
241 2217 447 2278 adduceretur.
493 2220 595 2294 ltaque
618 2216 778 2278 insinuavit
808 2217 840 2278 in
870 2217 1096 2278 familiaritatem

136 2304 341 2367 adulescentis
356 2316 470 2367 etcum
486 2325 532 2379 eo,
557 2315 590 2366 ut
611 2324 658 2366 res
673 2305 793 2379 indicat,
819 2326 907 2384 saepe
922 2325 1097 2384 congressus
1125 2319 1165 2357 10

137 2413 205 2455 rem
228 2393 259 2454 in
282 2413 350 2455 eum
367 2397 467 2456 locum
483 2393 616 2469 deduxit,
641 2405 673 2456 ut
696 2394 808 2456 diceret
830 2395 886 2455 sibi
903 2405 1015 2456 certum
1032 2414 1095 2455 esse

179 2671 201 2707 1.
233 2659 303 2720 Quas
330 2658 466 2707 Numestio
491 2658 591 2708 litteras
645 2660 692 2710 che
710 2660 778 2710 fosse
791 2674 868 2724 opera
880 2658 906 2707 di
926 2660 1027 2718 cesare,
1040 2675 1097 2725 per-

136 2730 206 2788 dedi,
233 2730 270 2778 sic
293 2745 344 2780 ecc.
372 2727 447 2778 Colla
473 2735 591 2794 presente
645 2727 691 2779 che
710 2730 847 2780 l'avrebbe
865 2729 949 2779 ordita
968 2730 1072 2794 meglio.

138 2800 188 2851 che
215 2799 236 2849 ti
262 2799 369 2865 ricapita
398 2799 539 2860 Numestio,
565 2800 591 2850 io
680 2800 704 2850 8.
726 2800 806 2849 Curio
815 2800 902 2865 filius.
919 2798 948 2852 C.
964 2801 1098 2852 Scribonio

138 2874 157 2922 t'
169 2871 250 2920 invito
268 2871 459 2921 ardentemente
477 2871 592 2922 evenire
643 2871 756 2922 Curione
791 2870 870 2936 figlio,
902 2871 935 2921 da
970 2873 1098 2938 principio

136 2943 173 2992 da
191 2957 234 2991 me
251 2941 271 2991 il
289 2939 335 3007 pila
353 2948 439 3007 presto
459 2941 590 3007 possibile.
644 2942 844 3010 repubblicano,
868 2939 913 3009 pil
945 2944 1010 2994 tardi
1040 2961 1097 3009 par-

137 3014 249 3064 Osserva
277 3013 322 3078 qui
344 3013 417 3062 l'uso
446 3013 487 3063 dei
511 3013 591 3079 tempi
644 3011 731 3079 teggio
750 3029 796 3079 per
814 3015 914 3077 Cesere,
928 3015 1040 3065 secondo
1059 3014 1098 3064 al-

135 3083 211 3134 nello
230 3083 288 3134 stile
306 3084 449 3150 epistolare.
645 3086 704 3135 cuni
722 3085 755 3134 da
772 3092 864 3150 questo
881 3092 991 3135 corrotto
1007 3101 1095 3150 egua-

175 3155 200 3205 6.
216 3153 314 3204 Vettius
330 3156 382 3214 ille,
400 3155 443 3204 ille
454 3164 541 3224 noster
550 3158 590 3206 in·
644 3156 755 3220 dagnato
773 3155 824 3208 alla
841 3171 887 3206 sua
905 3172 987 3206 causa.
1010 3157 1097 3206 Filius

135 3227 205 3276 dex:
223 3225 322 3289 Vezzio,
342 3226 446 3292 proprio
464 3226 591 3277 colniche
645 3227 666 3276 si
687 3243 803 3294 pospone
827 3225 852 3278 al
879 3243 955 3277 nome
983 3229 1096 3293 proprio.

135 3296 176 3346 mi
195 3295 260 3346 servi
272 3296 305 3346 da
317 3296 380 3363 spia.
393 3296 484 3359 Questi
500 3294 592 3348 accuso
645 3297 697 3348 Clr.
717 3298 742 3350 S.
761 3299 790 3348 F.
810 3311 852 3362 93.

135 3367 234 3417 Cesare
246 3368 321 3434 quale
334 3367 460 3432 complice
478 3368 504 3417 di
524 3367 591 3418 Cati·
684 3381 723 3420 ιι.
742 3385 797 3418 rem
815 3372 844 3419 in
857 3386 913 3420 eum
926 3370 1009 3419 locum
1028 3383 1096 3420 ecc:

134 3439 210 3498 lina3
229 3455 272 3488 ma
292 3437 385 3489 Cesare
409 3439 435 3487 lo
460 3438 515 3489 lece
539 3455 591 3489 car·
645 3447 724 3490 trassc
745 3439 771 3489 la
795 3455 886 3490 cosae
911 3441 946 3491 tal
965 3447 1045 3507 punto
1065 3441 1097 3488 da

135 3525 225 3560 cerare
250 3523 321 3560 come
346 3524 389 3560 reo
414 3509 440 3558 di
463 3511 590 3560 calunnia.
645 3511 722 3575 dirgli
748 3512 795 3562 che
818 3527 879 3562 avea
904 3511 1018 3562 stabilito
1037 3510 1099 3573 (sibi

137 3580 246 3644 Quanto
264 3580 315 3630 alla
333 3588 414 3630 trama
428 3581 455 3630 di
468 3580 509 3630 cui
521 3581 593 3646 parla
646 3590 744 3632 certum
756 3583 834 3651 ¹csse).

135 3651 186 3717 qui
199 3650 328 3713 Cicerone,
338 3667 391 3701 non
401 3648 415 3700 ὲ
425 3652 592 3703 ammissibilc
