2786 4280
367 319 536 364 EPISTULAE
559 320 713 362 SELECTAE
736 338 780 350 -
805 321 853 367 ΕΡ,
876 323 919 364 ΧΙ.
1080 328 1118 384 43

159 433 380 520 imminutam,
398 446 472 506 nihil
489 446 546 506 iam
562 447 655 524 possit
669 468 731 507 non
747 448 877 509 decerni.
924 447 970 522 Iis,
992 449 1031 508 ad
1048 469 1123 526 quos

158 540 289 597 relatum
306 546 358 606 est,
375 534 477 596 amicis
491 535 636 613 placuisse
652 556 714 596 non
729 536 836 596 mirum
853 546 897 595 est
914 555 920 597 :
961 547 1022 597 erat
1041 537 1122 598 enim
1146 564 1188 618 30

157 624 284 686 difficile
306 624 443 703 reperire,
477 623 530 702 qui
560 635 662 684 contra
692 635 774 685 tanta
804 627 963 688 commoda
993 628 1122 686 duorum

157 716 320 775 consulum
345 716 442 791 palam
468 714 644 773 sententiam
668 714 789 774 diceret.
837 714 905 773 Fuit
927 715 1052 773 omnino
1068 717 1122 775 dis·

157 803 238 864 fieile
261 821 325 862 non
347 801 473 878 obsequi
495 804 544 861 vel
566 802 743 864 amicissimo
767 802 890 874 homini,
916 805 1053 875 Lentulo,
1073 808 1122 864 vel

156 893 297 964 Metell0‚
323 891 374 968 qui
404 890 583 951 simultatem
606 891 818 952 humanissime
844 893 1028 969 deponeret;
1068 895 1122 953 sed

155 1000 275 1052 vereor,
301 998 339 1038 ne
363 982 418 1040 hos
441 991 541 1040 tamen
572 991 673 1040 tenere
696 980 887 1058 potuerimus,
913 979 1049 1039 tribunos
1079 982 1120 1060 pl.
1146 1005 1186 1064 35

153 1069 356 1133 amiserimus.
402 1071 488 1129 Haec
511 1088 558 1129 res
580 1088 670 1145 quem
693 1072 732 1129 ad
762 1071 887 1152 modum
910 1067 1059 1142 ceciderit,
1091 1081 1122 1130 et

154 1169 225 1220 tota
247 1177 295 1218 res
318 1179 378 1235 quo
401 1161 470 1218 loco
499 1157 543 1232 sit,
568 1158 658 1217 velim
680 1160 719 1218 ad
748 1177 797 1217 me
821 1157 932 1218 scribas
956 1167 985 1216 et
1008 1157 1056 1232 ita,
1089 1169 1123 1218 ut

152 1247 323 1308 instituisti.
370 1249 448 1306 Nam
472 1245 527 1306 ista
549 1247 664 1320 veritas
690 1246 804 1307 etiamsi
827 1247 958 1306 iucunda
980 1266 1043 1306 non
1067 1258 1121 1321 est,

117 1359 119 1366 ·
154 1336 237 1398 mihi
260 1348 362 1396 tamen
385 1345 468 1414 grata
490 1346 544 1395 est.
591 1338 659 1398 Dat.
684 1354 728 1394 uu
752 1337 797 1395 Id.
826 1338 987 1397 Decembr.

155 1566 360 1616 deliberazione.
375 1591 406 1600 -—
427 1572 543 1630 suscepta
556 1571 614 1613 sott.
706 1579 747 1628 34.
768 1568 838 1630 qui...
857 1568 1008 1630 deponeret:
1027 1567 1046 1614 il
1058 1581 1118 1615 con-

153 1637 206 1687 dai
225 1638 344 1686 senatori.
668 1637 785 1700 giuntivo
807 1633 821 1684 ὲ
846 1644 911 1686 retto
930 1637 973 1684 dal
992 1639 1039 1700 qui
1062 1653 1120 1686 cau·

197 1721 241 1769 29.
270 1708 339 1757 nihil
364 1708 415 1755 iane
444 1723 497 1755 nen
511 1726 520 1755 :
548 1713 614 1755 tutto
668 1707 729 1757 sale.
742 1708 811 1757 Peri
827 1707 907 1756 buoni
926 1707 996 1756 uffici
1016 1708 1057 1758 del
1076 1708 1118 1757 Se-

149 1780 238 1830 omai.
255 1805 288 1813 —-
307 1780 345 1826 ad
362 1794 426 1842 qnos
439 1778 550 1826 relatum
563 1785 614 1826 est:
668 1786 729 1826 nato
748 1779 854 1828 Metello
874 1795 951 1828 aveva
963 1778 1069 1843 deposto
1084 1779 1120 1828 al-

149 1853 179 1902 ai
199 1849 272 1915 quali
283 1849 303 1898 si
313 1845 479 1898 comunicbil
489 1856 613 1913 progett0.
668 1849 723 1898 lora
742 1851 803 1913 ogni
822 1849 968 1899 avversione
988 1857 1076 1898 contro
1101 1850 1121 1898 it

196 1935 242 1985 31.
262 1921 333 1984 qui...
349 1921 438 1986 palan
464 1921 614 1968 sententiam
669 1920 772 1969 Nostro.

147 1997 277 2043 diceret:
309 1993 356 2041 che
390 1991 487 2040 dicesse
517 1998 613 2055 aperta·
705 2002 746 2055 35.
760 1999 862 2040 tenere:
876 2007 934 2040 aver
945 1991 1013 2040 dalla
1026 1999 1120 2040 nostra.

149 2069 249 2116 mente
277 2063 296 2112 il
324 2077 371 2112 suo
399 2078 495 2127 parere.
527 2063 578 2122 Qui
601 2057 615 2108 ὲ
705 2063 745 2125 36.
767 2064 1009 2126 quemadmodum
1029 2065 1120 2111 cecide·

146 2135 334 2186 consecutivo.
399 2157 400 2162 =
669 2135 719 2182 rit:
740 2149 812 2183 come
826 2131 904 2184 andri
917 2149 931 2181 a
945 2133 1025 2184 finire.
1045 2159 1078 2168 —
1098 2141 1123 2182 et

192 2219 242 2270 33.
272 2205 407 2254 Lentulo...
439 2203 550 2253 Metello.
582 2204 616 2252 Al
670 2211 722 2253 teta
740 2221 782 2253 res
801 2221 851 2268 qno
864 2205 917 2252 leco
936 2205 987 2254 sit:
1006 2205 1060 2254 ein
1074 2205 1122 2253 che

147 2279 247 2346 primo
260 2293 302 2326 era
315 2284 412 2325 toccata
424 2276 451 2323 in
468 2275 615 2340 quell'anno
669 2275 818 2324 condizione
837 2277 859 2325 si
878 2275 943 2323 trovi
956 2283 1022 2324 tutto
1036 2275 1055 2322 il
1069 2276 1121 2323 mio

147 2352 178 2400 la
191 2348 296 2408 Cilicia,
308 2347 332 2396 la
345 2347 448 2412 Spagna
460 2347 485 2395 al
497 2346 614 2396 second0.
670 2347 753 2396 affare.
791 2385 795 2394 .

146 2421 216 2470 Cfr.
238 2419 283 2478 IX,
305 2431 344 2476 11,
368 2432 407 2480 14.
