2788 4286
686 329 719 369 nl.
743 327 773 370 T.
797 325 959 370 CICERONIS

594 653 706 712 XXIII.
732 648 789 727 (ad
807 651 895 710 Fam.
919 653 970 724 IV,
1000 651 1040 730 7).

377 814 467 863 Esorta
485 810 614 867 Marcello,
633 811 684 859 due
702 809 763 858 anni
781 809 849 874 dopo
868 809 893 857 la
911 809 1014 858 dissatta
1032 809 1058 858 di
1083 811 1209 876 Pompeo,
1233 828 1250 859 a
1269 811 1304 860 ri-

340 893 440 932 tornare
459 900 474 932 a
492 883 584 932 Roma.
598 881 689 930 Scritta
700 881 733 930 da
746 889 835 945 questa
847 877 908 929 citit
926 881 945 928 il
961 893 990 943 13
1004 888 1093 946 agosto
1107 882 1150 932 del
1164 881 1218 945 708
1230 881 1301 948 (46).

516 1112 552 1160 nr.
571 1109 700 1159 creano
719 1109 745 1159 s.
763 1110 796 1158 ι).
816 1111 852 1158 Μ.
871 1107 1125 1176 mereamor).

382 1256 446 1318 Etsi
469 1277 505 1317 eo
528 1267 558 1316 te
581 1257 680 1316 adhuc
703 1253 827 1316 consilio
850 1273 936 1315 usum
960 1255 1111 1334 intellego,
1144 1268 1177 1316 ut
1200 1258 1232 1318 id
1256 1279 1302 1320 re-

338 1349 524 1426 prehendere
547 1365 610 1405 non
633 1345 768 1416 audeam,
793 1363 855 1403 non
879 1342 952 1420 quin
974 1347 1012 1403 ab
1036 1363 1073 1404 eo
1096 1345 1160 1423 ipse
1184 1347 1300 1408 dissen-

338 1437 417 1508 tiam,
443 1437 495 1496 sed
519 1435 601 1511 quod
625 1454 660 1494 ea
682 1443 711 1492 te
734 1432 878 1510 sapientia
893 1451 957 1492 esse
980 1432 1118 1507 iudicem,
1137 1445 1171 1494 ut
1193 1456 1300 1498 meum

338 1525 494 1586 consilium
516 1543 578 1584 non
600 1532 780 1600 anteponam
803 1532 864 1594 tuo,
890 1531 990 1582 tamen
1022 1533 1052 1582 et
1073 1522 1222 1584 amicitiae
1245 1546 1299 1586 no·

296 1631 312 1691 5
338 1625 413 1673 strae
444 1623 574 1673 vetustas
604 1623 634 1672 et
661 1623 712 1671 tua
740 1630 855 1670 summa
888 1631 957 1688 erga
990 1631 1038 1672 me
1072 1614 1296 1688 benevolentia,

336 1721 412 1778 quae
434 1700 508 1761 mihi
530 1700 588 1761 iam
611 1721 629 1760 a
650 1699 776 1778 pueritia
798 1711 849 1759 tua
879 1699 996 1777 cognita
1019 1711 1071 1773 est,
1104 1721 1153 1761 me
1177 1703 1299 1764 hortata

337 1801 388 1863 est,
414 1802 446 1851 ut
468 1811 504 1850 ea
526 1790 686 1852 scriberem
709 1791 748 1848 ad
770 1798 809 1862 te,
834 1808 911 1864 quae
935 1799 964 1848 et
980 1789 1066 1849 saluti
1085 1800 1154 1849 tuae
1180 1794 1297 1853 condu-

336 1899 402 1940 cere
425 1880 582 1940 arbitrarer
605 1889 635 1938 et
650 1898 711 1959 non
726 1875 823 1936 aliena
845 1897 909 1937 esse
933 1880 1072 1938 ducerem
1095 1897 1113 1936 a
1136 1879 1296 1957 dignitate.

379 1972 444 2047 Ego
467 1988 536 2028 eum
559 1979 588 2028 te
613 1986 685 2041 esse,
710 1966 761 2042 qui
784 1968 890 2025 horum
913 1969 1058 2027 malorum
1089 1967 1174 2028 initia
1196 1972 1295 2032 multo

271 2075 310 2113 ro
335 2068 404 2117 ante
427 2056 544 2130 videris,
570 2058 755 2118 consulatum
771 2055 1059 2133 magnificentissime
1074 2067 1164 2133 atque
1179 2055 1297 2136 optime

369 2249 404 2316 (⁶)
422 2253 509 2300 Marco
527 2250 635 2300 Claudio
650 2251 780 2314 Marcello,

332 2324 475 2390 partigiano
496 2323 565 2386 degli
579 2322 689 2370 ottimati
706 2338 720 2370 e
739 2339 781 2370 av-

332 2396 441 2446 versario
454 2395 480 2443 di
494 2393 593 2451 Cesare,
609 2390 782 2458 accompagn&

332 2469 446 2532 Pompeo
474 2465 542 2514 nella
571 2481 616 2513 sua
644 2464 705 2527 suga
729 2465 782 2512 dal·

331 2539 348 2586 l'
357 2538 444 2596 Italia;
464 2537 535 2586 vinto
548 2543 646 2602 questo,
667 2536 688 2584 si
701 2532 781 2584 fermd

331 2627 347 2658 a
365 2609 450 2658 Lesbo
469 2608 496 2656 in
521 2609 645 2665 Mitilene,
670 2624 683 2656 e
709 2603 781 2656 tornb

276 2727 278 2732 .
331 2697 347 2728 a
366 2684 448 2730 Roma
473 2679 528 2727 solo
552 2678 662 2744 quando,
682 2695 697 2726 a
724 2693 781 2742 pre·

331 2751 419 2814 gbiera
446 2750 489 2799 del
513 2749 613 2809 Senam,
633 2766 648 2798 a
672 2745 712 2798 cib
739 2763 781 2796 co-

332 2828 421 2870 stretto
454 2821 486 2869 da
516 2820 608 2870 Cesare
643 2828 730 2878 stesso,
762 2820 781 2868 il

330 2891 450 2940 dittatore
469 2892 505 2954 gli
519 2907 637 2942 concesse
656 2893 779 2956 perdono.

331 2962 376 3010 Ma
389 2961 432 3011 nel
444 2962 546 3027 vlaggio
559 2964 589 3012 ad
603 2965 685 3012 Atene
701 2962 729 3010 su
741 2979 780 3010 as-

330 3032 454 3080 sassinato
473 3033 505 3080 da
529 3049 564 3082 un
586 3035 620 3083 tal
645 3035 672 3083 P.
692 3033 780 3096 Magio

328 3102 430 3153 Cilone.

367 3187 391 3222 2.
405 3191 457 3224 non
471 3174 560 3238 quin...
572 3178 619 3224 sed
632 3177 711 3239 quod:
727 3191 780 3225 non

328 3240 422 3308 perche
440 3261 518 3295 non...
538 3262 579 3295 ma
597 3242 697 3311 perche,
716 3247 779 3295 Non

327 3318 394 3378 quin
408 3337 443 3356 =
456 3333 509 3364 non
522 3333 571 3380 quo
585 3333 637 3364 non
651 3318 685 3365 od
699 3317 779 3367 anche

328 3402 381 3434 non
400 3388 471 3450 qued
486 3403 546 3446 noa,
562 3382 576 3435 ὲ
595 3394 667 3436 usato
685 3383 778 3452 perche

325 3457 439 3522 dipende
457 3457 525 3507 dalla
538 3459 715 3524 propositione
735 3475 777 3507 ne·

327 3529 413 3592 garira
430 3545 483 3577 non
495 3531 603 3578 audeam
609 3547 621 3586 ,·
640 3537 736 3595 quanto
753 3530 777 3578 al

325 3601 374 3647 sed
389 3601 460 3664 quod
469 3599 509 3648 col
528 3601 699 3666 congiuntivo,
719 3601 775 3650 seb·

327 3670 393 3721 bene
413 3671 523 3738 esprima
545 3671 570 3722 la
588 3688 646 3722 vera
664 3671 775 3736 ragione,

837 2261 898 2300 nota
917 2252 963 2300 che
988 2247 1175 2316 edipendeute
1201 2253 1229 2302 in
1252 2270 1295 2304 se·

837 2323 919 2371 condo
939 2323 1025 2386 grado.

872 2407 895 2456 3.
916 2410 969 2442 ea...
990 2395 1115 2458 sapientia
1140 2409 1212 2445 esre:
1235 2395 1292 2446 cosi

836 2473 977 2514 assennato.

872 2546 895 2599 5.
915 2543 1047 2584 vetustos:
1073 2536 1164 2586 antica.
1190 2564 1224 2574 —
1251 2540 1291 2587 be·

836 2607 978 2654 nevolentia
988 2625 995 2654 :
1015 2607 1109 2657 affett0.

872 2677 895 2726 6.
909 2677 1011 2725 hortata
1025 2686 1070 2737 est,
1087 2686 1118 2727 ut
1134 2679 1294 2730 scriberem:

835 2748 870 2796 mi
889 2763 982 2812 sprona
1007 2765 1022 2797 a
1046 2747 1166 2800 scriverti.
1192 2751 1292 2819 Tempi

835 2819 903 2868 dello
922 2819 979 2868 stile
999 2820 1141 2885 epistolare.

870 2903 895 2951 9.
915 2906 971 2938 eum
991 2899 1013 2940 te
1033 2907 1091 2950 esse,
1111 2893 1183 2955 qui...
1204 2897 1291 2945 enulto

834 2969 893 3010 ante
910 2962 1020 3010 videris:
1039 2962 1085 3011 che
1104 2969 1131 3010 tu
1154 2964 1191 3012 sei
1215 2973 1291 3015 tanto

834 3032 986 3097 perspicace‚
997 3033 1044 3083 che
1055 3033 1135 3082 molto
1149 3042 1239 3100 ternpo
1250 3038 1292 3085 in-

834 3104 908 3152 nanzi
928 3105 1077 3167 prevedesti.
1097 3150 1101 3154 .

873 3187 912 3224 10.
938 3175 1185 3241 magnificentissime
1206 3186 1291 3242 atque

834 3247 939 3308 optime:
952 3260 1001 3294 con
1014 3246 1092 3294 molta
1106 3245 1190 3310 gloria
1203 3265 1218 3298 e
1231 3251 1292 3299 abi·

833 3313 878 3365 litl
896 3331 1000 3364 somma.
1020 3317 1142 3366 Marcello
1155 3335 1219 3369 area
1232 3336 1293 3370 cer·

833 3395 896 3446 cato,
910 3388 1012 3452 quando
1031 3388 1058 3436 fu
1072 3389 1183 3449 console,
1199 3391 1226 3439 di
1240 3393 1290 3440 ab·

832 3459 928 3507 battere
948 3458 972 3507 la
997 3467 1104 3524 potenza
1128 3461 1155 3508 di
1181 3459 1290 3513 Cesare.

831 3529 900 3578 Nota
917 3529 1058 3591 l'asindeto,
1072 3547 1085 3580 e
1097 3531 1140 3580 cfr.
1156 3531 1181 3581 S.
1196 3533 1226 3582 F.
1240 3533 1288 3597 842

831 3602 861 3661 Α,
883 3610 906 3664 5.
