2786 4280
283 299 453 343 EPISTULAE
475 299 650 344 SCELECTAE
673 318 716 330 -
741 303 789 348 ΕΡ.
812 303 867 346 Xll.
917 314 920 320 ’
1013 304 1055 362 49
1124 263 1128 268 Ι

41 413 43 480 l
104 437 219 486 senatus
234 427 370 486 consulto
385 425 602 502 aestimabunt3
637 427 682 488 sin
698 426 791 503 aliter,
809 427 829 504 †
845 425 1067 503 demolientur,'

103 536 151 576 sno
176 513 297 574 nomine
319 516 469 589 locabunt,
494 536 558 576 rem
580 526 675 576 totam
697 515 906 578 aestimabunt.

141 608 188 664 Ita
210 613 280 664 sunt
301 622 348 663 res
370 615 509 666 nostrae:

103 769 157 827 ‘Ut
180 773 217 827 tn
235 764 416 827 secundis
439 767 575 838 flnxae,
593 775 634 825 ut
659 764 696 824 in
714 767 889 826 adversis
910 757 1066 828 bonae'.·

36 1015 38 1020 .
101 965 131 1021 10
151 982 187 1022 re
209 959 345 1022 familiari
367 963 455 1021 valde
479 980 588 1035 sumno,
612 972 645 1023 ut
660 961 724 1037 scis,
748 962 920 1041 perturbati.
966 967 1052 1023 Prae-

101 1061 177 1111 terea
198 1061 267 1110 sunt
289 1051 437 1126 quaedam
460 1049 631 1125 domestica,
657 1071 733 1129 quae
754 1051 857 1113 litteris
879 1071 942 1112 non
972 1072 1052 1113 com-

35 1139 41 1175 '·
101 1138 192 1200 mitto.
241 1138 387 1215 Quintum
418 1141 537 1199 fratrem
560 1139 668 1218 insigni
701 1139 820 1217 pietate,
844 1141 960 1214 virtute,
992 1142 1052 1200 fide
1077 1156 1121 1214 90

100 1227 263 1305 praeditum
287 1227 329 1288 sic
352 1247 429 1297 amo,
453 1238 486 1287 ut
509 1229 617 1289 debeo.
663 1230 708 1288 Te
732 1239 871 1307 exspecto
887 1239 1003 1306 etuoro,
1020 1239 1054 1290 ut

100 1328 225 1378 matures
250 1317 355 1376 venire'
376 1334 472 1392 eoque
486 1316 587 1377 animo
602 1316 712 1392 venias,
732 1328 766 1378 ut
787 1328 904 1379 metuo
927 1316 1054 1379 consilio

98 1425 182 1484 egere
204 1426 267 1467 non
290 1405 378 1467 sinas.
424 1407 554 1466 Alterius
568 1405 646 1466 vitae
669 1406 820 1482 quoddam
837 1405 952 1468 initium
977 1404 1054 1468 ordi-

99 1515 170 1558 mur.
215 1498 279 1555 Iam
303 1493 434 1571 qnidam,
460 1493 513 1571 qui
535 1513 592 1555 nos
613 1497 751 1555 absentes
774 1496 979 1569 defenderunt,
1009 1494 1053 1556 in·

98 1582 209 1662 cipiunt
225 1582 430 1662 praesentibus
446 1585 561 1644 occulte
576 1582 668 1657 irasci,
686 1595 788 1662 aperte
803 1583 946 1648 invidere.
994 1588 1052 1644 Ve·
1076 1594 1119 1655 95

98 1674 250 1733 hementer
273 1683 302 1732 te
325 1671 512 1749 requirimus.

130 1939 171 2003 84.
188 1939 231 1989 sin
243 1939 333 1988 aliter:
351 1954 433 1989 seno.
451 1963 484 1973 -
506 1940 546 1988 de·

96 2012 239 2062 molientur.
259 2011 337 2060 Forse
356 2009 401 2077 qui
425 2010 446 2059 si
472 2017 548 2060 tratta

95 2083 120 2130 di
137 2083 262 2133 demolire
280 2083 342 2148 quel
363 2081 462 2148 portico
486 2097 546 2131 oon·

95 2160 191 2203 sacrato
208 2154 259 2204 alla
276 2151 375 2212 liberta,
389 2154 436 2204 che
453 2151 546 2203 Clodio

94 2241 154 2275 avea
172 2224 237 2274 fatto
250 2225 392 2275 fabbricare
408 2241 482 2290 sopra
495 2240 546 2275 una

94 2305 163 2361 parte
183 2296 309 2356 dell'area,
326 2310 355 2344 su
369 2296 411 2344 oui
433 2303 502 2346 stava
521 2295 546 2344 la

94 2383 149 2418 casa
167 2367 195 2416 di
214 2366 347 2419 Cicerone.
366 2366 390 2416 Il
406 2373 472 2416 resto
491 2367 546 2416 del-

94 2438 168 2490 l'area
197 2439 286 2489 voleva
314 2436 429 2502 volgerlo
456 2454 472 2487 a
499 2435 545 2487 suo

93 2509 204 2574 profitto.
216 2508 269 2560 cfr.
277 2509 303 2559 la
312 2509 402 2560 lettera
413 2516 544 2573 seguente.

126 2581 170 2632 86.
190 2583 233 2630 Ita
250 2588 315 2630 sunt
335 2597 376 2629 res
401 2595 468 2631 ecc.:
495 2581 546 2630 tale

93 2647 141 2703 lla
153 2652 304 2702 condizione
316 2652 343 2701 in
355 2651 397 2700 cui
410 2651 446 2700 mi
458 2658 543 2701 trovo:

601 1939 653 1990 mal
670 1939 753 1988 sicnra
770 1954 798 1989 se
816 1937 912 2003 gnardo
930 1938 980 1987 3113
995 1937 1052 1989 seli-

600 2007 658 2070 0111,
677 2011 764 2060 buona
782 2026 809 2060 se
827 2009 877 2059 alle
895 2009 1025 2074 disgrazie.

637 2080 677 2143 89.
694 2089 758 2130 sunt
769 2082 893 2146 quaedam
907 2081 1049 2130 domestica.

599 2152 694 2202 Allude
713 2152 737 2201 ai
756 2151 864 2217 disgusti
877 2151 939 2200 sorti
952 2158 990 2201 tra
1004 2166 1051 2200 suo

600 2223 700 2273 fratello
720 2239 733 2274 e
752 2223 777 2273 13
794 2221 891 2287 moglie
908 2221 1051 2287 Pomponia

599 2294 691 2345 sorella
709 2294 736 2343 di
754 2295 854 2354 Attico;
873 2309 915 2341 ma
934 2309 980 2359 per
998 2307 1070 2358 nont

599 2382 702 2416 maneat
719 2365 745 2414 di
772 2365 891 2429 riguarrlo
909 2363 1048 2421 all’amioo,

599 2438 641 2488 cui
655 2431 751 2486 dosera
761 2442 839 2497 tanto,
851 2435 938 2484 invene
951 2434 978 2482 di
990 2433 1050 2482 dare

599 2508 618 2558 il
631 2515 697 2556 torto
709 2512 882 2574 apertamente
894 2504 945 2554 alla
957 2518 1048 2567 cogna-

599 2587 632 2643 ta,
652 2593 700 2626 con
718 2578 868 2628 delicatezza
888 2576 913 2624 vi
939 2573 1051 2624 accenna

598 2649 740 2700 facendone
764 2647 868 2712 l'elogio
887 2646 930 2698 del
948 2644 1048 2695 marito.
