2788 4286
344 319 383 393 96
681 332 714 374 m.
739 332 768 373 r.
793 330 954 374 crcrrours

341 466 441 515 tentus
464 475 576 532 essem;
616 459 668 518 sed
691 456 812 518 incurrit
834 459 909 518 haec
928 468 1027 517 nostra
1049 459 1147 517 laurus
1169 477 1224 516 nou
1240 477 1283 517 so-

340 546 403 603 lum
426 545 457 604 in
480 548 590 620 oculos,
609 547 662 606 sed
684 546 742 606 iam
766 546 854 605 etiam
878 545 910 604 in
927 547 1047 607 voculas
1069 547 1284 606 malevolorum.

275 652 316 712 25
342 633 434 709 Quod
456 655 525 695 cum
555 635 595 695 ita
621 645 706 708 esset,
739 633 780 694 nil
810 645 911 694 tamen
940 654 1083 712 umquam
1114 636 1152 694 de
1179 636 1286 712 profec-

343 722 424 783 tione
440 723 497 782 nisi
519 724 605 784 vobis
621 722 858 802 approbantibus
873 722 1008 800 cogitavi.
1054 725 1116 783 Sed
1131 743 1195 783 mea
1208 742 1286 801 prae-

341 809 422 871 diola
442 812 496 873 tibi
519 823 590 872 nota
613 823 698 888 sunt;
737 813 768 871 in
791 811 837 872 his
860 811 932 871 mihi
955 831 1077 873 necesse
1092 822 1137 874 est
1158 831 1226 886 esse,
1250 832 1289 872 ne

342 900 444 960 amicis
469 904 611 962 molestus
640 901 705 963 sim.
761 902 851 977 Quod
881 910 981 961 autem
1011 901 1043 960 in
1073 900 1221 960 maritimis
1250 902 1288 960 fa·

343 989 453 1050 cillimc
475 1010 550 1062 sum,
574 1010 683 1050 moveo
713 1009 776 1049 non
807 989 895 1050 nullis
917 988 1117 1068 suspicionem
1141 991 1214 1050 velle
1243 1008 1289 1048 me

276 1100 318 1157 30
343 1078 499 1155 navigare;
535 1081 617 1155 quod
640 1090 740 1139 tamen
763 1080 885 1139 fortasse
900 1099 962 1139 non
985 1080 1106 1152 nollem,
1132 1077 1156 1138 si
1178 1097 1291 1156 possem

343 1169 381 1227 ad
397 1166 508 1243 otium;
543 1189 614 1228 nam
628 1170 667 1228 ad
683 1169 797 1228 bellum
812 1166 935 1244 quidem
951 1167 1002 1244 qui
1021 1167 1180 1228 convenit?
1212 1186 1291 1245 prae·

345 1255 445 1316 sertim
468 1269 571 1318 contra
593 1276 671 1331 eum,
695 1255 743 1316 cui
770 1275 857 1334 spero
888 1276 936 1315 me
960 1249 1163 1329 satisfecisse,
1186 1259 1224 1316 ab
1246 1275 1290 1328 eo,

345 1344 393 1406 cui
415 1345 474 1405 iam
498 1346 643 1406 satisfieri
666 1347 750 1405 nullo
773 1345 865 1405 modo
888 1355 996 1422 potest.
1042 1345 1161 1405 Deinde
1181 1356 1292 1404 senten·

343 1433 416 1493 tiam
438 1454 536 1494 meam
559 1446 591 1494 tu
614 1433 752 1495 facillime
774 1432 940 1512 perspicere
956 1433 1077 1511 potuisti
1100 1433 1159 1494 iam
1182 1436 1220 1493 ab
1243 1434 1292 1493 illo

276 1544 297 1600 ¹3
304 1543 318 1600 5
346 1534 488 1601 tempore,
506 1543 574 1584 cum
597 1523 628 1584 in
651 1525 819 1584 Cumanum
836 1521 909 1581 mihi
927 1522 1046 1582 obviam
1063 1522 1179 1586 venisti.
1227 1525 1294 1582 Non

346 1609 424 1670 enim
448 1621 477 1670 te
501 1612 592 1673 celavi
616 1631 784 1672 sermonem
808 1613 845 1670 T.
865 1610 973 1689 Ampi;
1008 1610 1116 1684 vidisti,
1136 1631 1224 1688 quam
1247 1613 1293 1672 alr

344 1700 497 1760 horrerem
519 1703 557 1760 ab
581 1703 654 1761 urbe
677 1700 885 1776 relinquenda,
903 1720 971 1760 cum
994 1700 1161 1776 audissem,
1195 1718 1293 1761 nonne

344 1786 400 1847 tibi
430 1789 582 1849 adfirmavi
613 1788 731 1866 quidvis
760 1808 808 1866 me
839 1788 938 1865 potius
969 1807 1178 1867 perpessurum
1208 1809 1294 1867 quam

346 1896 383 1936 ex
404 1878 488 1939 ltalia
509 1880 548 1938 ad
571 1880 683 1938 bellum
707 1877 793 1938 civile
824 1875 995 1938 exiturum?
1047 1877 1129 1954 Quid
1160 1898 1231 1956 ergo
1253 1899 1296 1939 ac·

278 1985 322 2039 40
345 1965 425 2040 cidit,
450 1987 502 2028 cur
531 1967 688 2028 consilium
719 1969 890 2026 mutarem?
934 1986 1036 2026 nonne
1066 1966 1167 2026 omnia
1189 1967 1294 2044 potius,
1369 1963 1370 1976 ³

384 2191 426 2242 23.
446 2179 584 2227 incurrit...
598 2180 627 2226 in
646 2179 746 2228 oculos:
764 2173 796 2226 dt

347 2250 416 2317 negli
434 2249 515 2299 occhi.

384 2335 425 2383 24.
437 2323 466 2370 in
482 2321 602 2370 voculas:
620 2319 688 2369 nella
707 2319 796 2369 maldi-

347 2409 430 2443 cenza.

385 2475 426 2529 25.
455 2479 512 2512 curn
539 2459 554 2512 ὲ
578 2463 731 2513 concessivo.
762 2489 795 2499 -

347 2544 417 2595 essct,
430 2534 576 2600 imperfetto
591 2535 658 2584 dello
672 2534 729 2584 stile
742 2535 795 2601 epi·

347 2607 440 2658 stolare
455 2607 543 2656 invece
555 2607 581 2655 di
592 2608 632 2656 sit.
645 2632 679 2641 -
693 2608 722 2654 de
731 2615 796 2670 pro·

337 2679 462 2742 factione,
474 2673 529 2727 cioe
543 2679 571 2726 in
584 2677 682 2736 Grecia,
693 2677 757 2728 dove
773 2677 796 2727 si

347 2757 449 2797 trovava
466 2750 588 2815 Pompeo.

385 2819 426 2870 26.
439 2821 492 2868 nisi
501 2822 571 2869 vobis
582 2821 799 2884 approbantibus:

348 2905 422 2938 senza
447 2888 471 2938 la
497 2897 581 2940 vostra
605 2891 795 2956 approvazione.

348 2983 382 2995 -
402 2961 517 3024 cogitaui,
535 2961 644 3026 perfetto
663 2962 755 3026 logico.

386 3029 426 3080 28.
449 3031 525 3090 Quod
544 3040 629 3081 autem
652 3035 681 3081 in
699 3033 799 3082 mariti·

348 3103 397 3150 mis
416 3115 479 3150 ecc:
502 3099 594 3166 perche
608 3103 652 3168 poi
665 3110 703 3152 sto
717 3103 797 3153 molto

348 3171 481 3222 volentieri
494 3173 536 3222 nei
554 3172 644 3238 lnoghi
657 3175 796 3224 marittimi.

384 3256 426 3306 30.
440 3259 492 3291 nan
506 3244 606 3303 nollem,
619 3246 644 3292 si
650 3253 750 3308 possem
764 3247 801 3295 ad

349 3314 443 3362 otium:
461 3328 514 3362 non
538 3315 574 3363 mi
598 3315 796 3380 dispiacerebbe,

349 3399 376 3434 se
390 3385 485 3448 potessi
498 3385 562 3434 farlo
574 3402 620 3451 per
632 3387 716 3437 vivere
732 3396 797 3437 tran·

349 3454 439 3520 quillo.

385 3539 427 3590 31.
458 3545 519 3578 nam
550 3529 588 3576 ad
618 3527 710 3578 bellum
743 3530 799 3592 qui·

349 3600 405 3648 dem
424 3613 491 3648 eoo:
516 3595 614 3665 poiche,
634 3616 649 3648 a
667 3599 707 3648 dir
730 3615 797 3663 vero,

347 3683 422 3720 come
435 3671 486 3720 mai
502 3671 609 3722 sarebbe
621 3687 668 3737 per
684 3687 725 3722 me
739 3687 799 3721 con-

850 2178 968 2228 veniente
981 2178 1108 2228 mettermi
1126 2177 1154 2227 in
1167 2195 1238 2229 mare
1256 2195 1299 2244 per

850 2264 901 2298 una
919 2252 1028 2313 guerra?

886 2333 928 2384 32.
942 2327 1032 2369 contra
1045 2336 1109 2378 eum,
1123 2316 1179 2368 cioe
1195 2319 1300 2380 Cesare;

849 2392 881 2439 ab
899 2408 934 2450 eo,
953 2387 1008 2440 cioe
1032 2392 1154 2456 Pompeo¹
1181 2391 1200 2440 il
1226 2392 1302 2458 quale

849 2478 911 2511 avea
924 2462 1062 2511 dichiarato
1077 2463 1124 2512 che
1138 2459 1257 2513 terrebbe
1275 2464 1301 2512 in

849 2539 925 2582 conto
944 2533 970 2581 di
995 2532 1095 2583 nemico
1114 2533 1156 2583 chi
1180 2549 1236 2582 non
1253 2535 1270 2583 1¹
1280 2551 1304 2583 a·

850 2619 920 2654 resse
933 2605 1032 2668 seguito
1045 2604 1072 2653 in
1086 2605 1191 2664 Grecia;
1208 2607 1303 2657 Cesare

849 2674 937 2724 invece
956 2692 998 2724 era
1016 2683 1137 2725 contento
1151 2675 1220 2725 della
1239 2692 1304 2727 neu·

849 2743 940 2795 traliti.
1005 2751 1007 2758 ’

887 2826 929 2880 35.
954 2817 983 2866 in
1007 2817 1152 2866 Cumanum
1175 2819 1242 2867 mihi
1265 2821 1305 2868 ab·

850 2889 919 2937 viam
937 2889 1038 2947 venisti,
1058 2888 1162 2954 quando
1177 2888 1305 2940 Cicerone

851 2954 925 3008 tomo
937 2958 980 3007 dal
995 2973 1107 3023 govemo
1119 2959 1188 3009 della
1201 2959 1303 3011 Cilicia.

887 3029 929 3093 36.
950 3031 981 3079 T.
1000 3031 1096 3095 Anapi:
1114 3031 1141 3079 di
1159 3031 1222 3080 Tito
1241 3033 1307 3080 Am·

851 3101 903 3167 pio,
923 3116 958 3149 un
976 3116 1084 3165 seguaoe
1102 3101 1129 3149 di
1148 3102 1275 3168 Pompeo.
1293 3125 1297 3134 ·

887 3183 930 3234 37.
949 3188 1006 3220 cum
1025 3173 1160 3232 audissem,
1182 3173 1229 3222 che
1249 3169 1307 3223 cioe

851 3243 965 3308 Pompeo
976 3258 1066 3291 movea
1079 3258 1151 3293 verso
1165 3243 1190 3292 la
1203 3244 1307 3296 Grecia.

842 3337 886 3349 =-
905 3330 991 3363 nonne
1014 3315 1060 3363 tibi
1082 3329 1148 3365 eoo:
1169 3331 1183 3364 e
1202 3315 1230 3364 in
1257 3316 1309 3366 tale

851 3377 1005 3434 circostanza
1040 3400 1092 3434 non
1129 3385 1147 3434 ti
1183 3385 1309 3438 assicurai

853 3455 984 3506 forse...?

888 3540 931 3588 40.
950 3528 1036 3577 omnia
1049 3527 1147 3591 potius,
1161 3534 1219 3578 sott.
1236 3531 1309 3579 acci·

854 3600 958 3648 derunt.
