2786 4280
263 297 264 304 ’
328 317 499 361 urrsrucar
522 317 677 361 suaseras
700 334 741 345 -
764 319 812 362 ur.
838 319 879 364 ur.
1040 322 1076 382 17

116 454 263 524 putarent
277 443 309 503 id
324 463 388 505 esse
402 456 511 518 aemm,
533 456 566 505 ut
580 444 699 506 Vettius
721 445 752 506 in
768 448 833 507 soro
857 468 924 508 cum
948 447 1079 526 pugione
1103 465 1145 528 35

118 545 154 594 et
177 532 249 592 item
273 532 350 592 servi
373 533 436 593 eius
452 536 775 612 comprehenderentur
791 556 860 596 cum
876 536 950 609 telis,
968 537 1078 597 deinde

115 622 228 682 illese
259 621 371 682 diceret
400 620 608 685 indicaturum.
655 625 750 700 quue
781 624 822 684 ita
852 627 963 686 factum
992 637 1077 700 esset,

118 710 180 771 nisi
203 709 350 770 Curiones
364 730 427 770 rem
443 721 512 772 aute
527 712 566 771 ad
581 710 757 790 Pompeium
774 712 960 774 detulissent,
999 717 1079 776 Tum

117 809 241 860 senatus
264 801 433 861 consultum
456 799 488 858 iu
511 801 652 861 contione
679 801 833 862 recitatum
857 812 911 865 est.
956 805 1079 864 Postero

116 899 221 962 autem
251 887 300 948 die
331 890 448 960 Caesar,
479 887 504 948 is
539 888 591 965 qui
622 889 702 965 olim,
735 901 853 968 praetor
888 910 955 952 cum
992 902 1076 965 esset,
1102 911 1144 966 40

119 979 161 1053 Q.
187 978 328 1038 Catulum
351 997 387 1036 ex
410 977 548 1037 inferiore
571 979 638 1061 loco
661 978 787 1039 iusserat
810 979 918 1054 dicere,
944 979 1078 1040 Vettium

118 1065 154 1126 in
176 1076 272 1125 rostra
293 1065 434 1143 produxit
460 1086 595 1143 eumque.
611 1067 642 1127 in
673 1087 709 1128 eo
732 1069 799 1129 loco
831 1067 993 1141 coustituit,
1018 1085 1079 1144 quo

117 1154 231 1216 Bibulo
255 1155 371 1214 consuli
393 1155 543 1232 adspirare
566 1175 629 1216 non
651 1155 762 1216 liceret.
808 1157 868 1218 Hic
894 1157 945 1217 ille
967 1156 1078 1229 omnia,

118 1262 199 1320 quae
222 1242 317 1302 voluit
347 1244 385 1303 de
415 1263 447 1303 re
477 1244 605 1321 publica,
635 1243 717 1319 dixit,
748 1255 781 1304 ut
811 1245 863 1323 qui
888 1245 958 1306 illuc
985 1248 1080 1307 factus

117 1330 334 1409 institutusque
357 1332 495 1393 venisset.
539 1333 671 1393 Primum
691 1333 873 1411 Caepionem
893 1335 930 1394 de
947 1335 1081 1395 oratione
1104 1350 1149 1412 45¹

117 1439 176 1481 sua
206 1420 332 1493 sustulit,
366 1440 456 1497 quem
486 1421 517 1480 in
548 1432 652 1482 senatu
677 1423 818 1483 acerrime
848 1422 1023 1498 nominarat,
1048 1433 1082 1482 ut

117 1518 279 1588 appareret
301 1521 420 1570 noctem
451 1520 481 1570 et
511 1522 687 1571 nocturnam
721 1511 961 1589 deprecationem
991 1512 1081 1572 inter·

119 1598 256 1660 cessisse.
302 1597 430 1673 Deinde,
448 1618 524 1676 quos
539 1598 571 1658 in
587 1610 690 1660 senatu
707 1620 746 1660 ne
769 1600 942 1662 tenuissima
958 1600 1080 1678 quidem

116 1686 291 1765 suspicione
315 1687 459 1765 attigerat,
478 1707 530 1747 eos
545 1685 719 1764 nominavit,
741 1692 776 1749 L.
793 1692 961 1764 Lucullum,
986 1708 1080 1766 aquo

118 1775 243 1837 solitum
274 1795 338 1836 esse
369 1777 407 1835 ad
436 1795 468 1836 se
498 1776 575 1838 mitti
605 1779 639 1838 C.
665 1777 819 1851 Fannium,
851 1779 938 1838 illum
969 1776 1020 1856 qui
1048 1777 1081 1838 in
1107 1797 1147 1859 50

118 1869 154 1926 P.
180 1864 321 1926 Clodium
345 1864 564 1943 subscripserat,
589 1869 622 1925 L.
645 1865 819 1940 Domitium,
845 1867 928 1928 cuius
957 1868 1081 1927 domum

118 1952 314 2016 constitutam
335 1952 433 2029 fuisse,
457 1954 538 2013 uude
561 1954 676 2032 eruptio
699 1957 792 2015 fieret.
828 1960 879 2016 Me
903 1975 966 2015 uon
989 1954 1082 2016 nomi·

117 2042 214 2116 navit,
239 2044 292 2102 sed
315 2040 390 2102 dixit
411 2045 598 2103 consularem
621 2043 763 2103 disertum
798 2044 928 2106 vicinum
951 2043 1082 2105 consulis

159 2235 203 2299 36.
223 2237 330 2284 deinde:
348 2236 435 2286 allora.

157 2319 202 2371 39.
222 2307 401 2356 incautione:
426 2306 527 2357 dinanzi
551 2307 575 2358 al

118 2378 229 2446 popolo.

156 2462 202 2510 41.
222 2464 253 2496 ex
274 2448 399 2512 inferiore
424 2449 484 2499 loco,
509 2449 575 2499 Nes·

117 2537 172 2572 sun
190 2519 289 2585 privato
314 2526 407 2584 poteva
432 2521 505 2570 salire
525 2520 575 2570 alla

118 2593 226 2643 tribuna
244 2606 291 2655 per
308 2590 407 2655 parlare
426 2592 450 2640 al
469 2592 574 2656 popolo,

119 2681 149 2714 se
169 2677 223 2711 non
241 2667 359 2710 otteneva
374 2661 399 2709 la
412 2663 575 2712 concessione

118 2734 164 2784 dai
187 2731 336 2796 magistrati.
357 2730 450 2783 Cesare
474 2748 526 2782 non
549 2733 575 2781 lo

119 2804 235 2872 permise
259 2820 274 2852 a
299 2807 332 2866 Q.
351 2802 460 2863 Catulo,¹
473 2805 576 2869 quando

120 2877 149 2926 fu
177 2875 255 2924 citato
279 2891 295 2923 a
319 2873 410 2924 render
432 2883 508 2924 conto
533 2875 576 2924 del

120 2963 171 2997 suo
185 2952 290 3010 operato
310 2945 377 2993 circa
395 2946 531 2995 l'incarico
549 2946 575 2995 di

119 3017 290 3068 rifabbricare
309 3016 328 3065 il
347 3015 533 3082 Campidoglio.

157 3101 203 3149 42.
222 3088 251 3136 in
269 3094 357 3136 rostra
371 3089 518 3151 produxit:
536 3105 576 3138 ac·

119 3155 269 3224 compagnd
304 3158 371 3207 sulla
402 3157 510 3208 tribuna.
546 3186 575 3194 -

121 3247 201 3296 quo...
222 3245 274 3278 non
292 3231 381 3278 liceret
400 3230 578 3295 propositione

120 3300 302 3364 consecutiva3
324 3300 422 3349 traduci
442 3301 500 3352 coll'
512 3301 577 3350 indi·

121 3373 217 3422 cativo.

158 3457 204 3505 44.
210 3442 305 3506 factus
317 3443 517 3506 institutusque:
527 3444 579 3493 ben

121 3517 193 3565 bene
211 3513 360 3564 imbeccato.

159 3593 204 3648 45.
225 3585 255 3633 de
270 3586 385 3634 oratioue
397 3601 446 3635 suu
458 3585 579 3634 sustulit:

122 3673 182 3708 non
200 3655 256 3705 iece
274 3663 362 3705 motto.

665 2237 708 2300 46.
728 2245 760 2286 ut
785 2245 929 2303 appareret,
957 2237 1082 2303 proposiz.

629 2309 799 2358 consecutiva.

664 2393 707 2440 49.
727 2379 758 2428 L.
771 2380 919 2430 Lucullum.
933 2382 962 2431 L.
981 2379 1083 2430 Licinio

629 2450 749 2510 Lucullo,
762 2451 781 2498 il
794 2451 894 2500 celebre
907 2449 1025 2512 generale
1041 2464 1080 2497 ro·

630 2537 714 2580 mano,
734 2522 780 2570 che
803 2523 824 2570 si
852 2517 957 2584 segnalb
975 2519 1083 2584 special-

630 2599 716 2642 mente
734 2592 803 2642 nella
815 2607 906 2656 guerra
924 2597 1012 2639 contro
1033 2590 1083 2639 Mi·

631 2664 728 2712 tridate.
748 2665 798 2712 Era
820 2663 881 2711 mite
907 2678 920 2710 e
946 2661 1033 2711 nobile
1056 2661 1084 2710 di

630 2739 759 2783 carattere.
770 2733 808 2782 La
817 2749 863 2781 sua
872 2731 998 2782 ricchezza
1008 2729 1083 2797 passb

630 2804 702 2870 quasi
721 2803 749 2852 in
767 2804 909 2869 proverbio.

667 2885 708 2938 50.
731 2874 758 2923 C.
777 2875 918 2924 Fannium.
939 2873 967 2923 C.
984 2875 1083 2928 Fannio

631 2946 771 2995 avversario
784 2947 818 2995 ed
830 2953 976 2996 accusatore
988 2945 1014 2994 di
1024 2945 1084 2995 Clo·

631 3017 674 3066 dio
688 3017 731 3066 nel
745 3017 775 3066 61
793 3033 814 3065 a.
829 3013 922 3082 C.,pii1
937 3017 1000 3066 tardi
1016 3016 1084 3067 forse

631 3089 774 3154 partigiano
784 3087 810 3136 di
821 3088 895 3138 Sesto
906 3088 1029 3153 Pompeo‚
1036 3089 1083 3138 che

631 3158 675 3225 poi
694 3155 847 3208 abbandonb
866 3175 911 3224 per
923 3158 1032 3222 volgersi
1051 3159 1083 3208 ad

632 3231 753 3280 Antonio.

669 3310 710 3365 51.
737 3303 768 3352 L.
795 3301 946 3350 Domitium.
972 3304 1001 3353 L.
1030 3301 1084 3350 Do·

633 3372 716 3430 mizio,
751 3371 976 3438 sopranuominato
1015 3372 1085 3421 Eno-

632 3444 719 3502 barbo,
738 3443 765 3492 fu
791 3459 826 3492 un
850 3450 974 3508 perpetuo
999 3459 1084 3492 avver-

634 3515 700 3563 sario
718 3515 744 3563 di
764 3517 864 3567 Cesare.

671 3595 711 3649 53.
744 3586 924 3634 consularem:
954 3600 1006 3634 uno
1036 3583 1086 3635 che

636 3673 679 3707 era
697 3663 762 3706 stato
780 3656 891 3705 console.

947 3792 962 3828 2
